2626 4006
501 244 627 292 santes
647 244 694 291 VI.

100 384 246 445 Verberat
271 394 357 464 atque
379 385 474 445 obiter
499 385 604 445 faciem
626 383 702 462 linit,
726 383 804 445 audit
826 386 932 446 amicas

101 470 160 529 Ant
181 469 270 528 latum
291 470 388 547 pictae
407 469 499 528 vestis
524 466 690 528 considerat
713 485 812 528 aurum

100 552 139 612 Et
161 553 269 622 caedit:
294 553 374 630 longi
396 553 503 629 relegit
522 561 688 611 transversa
710 552 802 612 diurni

100 636 140 696 Et
163 637 276 712 caedit,
298 637 394 697 donec
415 637 503 696 lassis
526 633 730 695 caedentibus:
756 636 819 695 exi!

100 721 218 780 Intonet
239 720 430 796 horrendum,
453 721 508 779 iam
530 721 696 796 cognitione
718 728 848 797 peracta.
1040 731 1091 786 485

101 804 291 865 Praefectura
317 804 418 864 domus
441 802 538 862 Sicula
558 819 616 862 non
637 804 733 862 mitior
757 803 831 863 aula.

101 887 175 948 Nam
198 889 223 946 si
246 889 394 948 constituit
415 887 562 964 solitoque
586 886 737 946 decentius
764 895 845 964 optat

103 971 207 1032 Ornari
229 981 258 1032 et
279 981 419 1051 properat
442 973 556 1049 iamque
580 978 766 1048 exspectatur
787 971 815 1029 in
838 969 929 1031 hortis

103 1055 163 1114 hut
185 1055 261 1133 apud
284 1055 396 1116 lsiacae
421 1055 517 1135 potius
539 1054 666 1113 sacraria
689 1053 785 1130 lenae,

102 1139 241 1217 Disponit
265 1141 388 1215 crinem,
412 1139 548 1199 laceratis
572 1139 636 1216 ipsa
660 1137 785 1216 capillis,
1040 1149 1093 1204 490

103 1221 187 1282 Nuda
211 1221 331 1282 humero
352 1222 460 1283 Psecas
481 1221 584 1281 infelix
605 1222 748 1301 nudisque
770 1221 912 1282 mamillis.

105 1305 202 1365 Altior
223 1304 271 1365 hic
293 1324 383 1385 qnare
407 1302 575 1366 cincinnus?
603 1313 703 1366 taurea
725 1307 806 1384 punit

105 1387 249 1449 Continuo
269 1389 339 1449 tlexi
362 1391 470 1449 crimen
491 1389 661 1467 facinusque
685 1389 794 1468 capilli.

104 1471 180 1545 Quid
201 1472 309 1533 Psecas
331 1470 466 1556 admisit?
488 1490 628 1552 quaenam
652 1481 697 1532 est
717 1472 765 1532 hic
787 1472 872 1551 culpa
896 1474 1024 1553 puellae,

104 1557 139 1615 Si
158 1555 209 1614 tibi
230 1555 375 1635 displicuit
395 1574 483 1618 nasus
504 1553 593 1616 tuus?
615 1555 706 1616 altera
727 1555 841 1616 laevum
1039 1567 1091 1620 495

103 1638 242 1698 Extendit
263 1641 412 1720 pectitque
435 1658 533 1701 comas
558 1649 587 1700 et
609 1639 699 1699 volvit
723 1641 752 1698 in
773 1638 883 1700 orbem.

102 1721 156 1782 Est
178 1723 206 1780 in
231 1724 352 1783 consilio
374 1733 503 1784 materna
525 1723 698 1801 admotaque
721 1722 796 1784 lanis

101 1806 231 1866 Emerita
252 1824 327 1886 quae
350 1817 448 1868 cessat
469 1826 537 1877 acu;
561 1809 703 1867 sententia
726 1809 817 1885 prima

102 1889 191 1950 llnius
216 1893 287 1967 erit,
311 1891 474 1970 posthanc
497 1899 596 1952 aetate
616 1898 701 1970 atque
728 1901 791 1951 arte
813 1893 939 1953 minores

103 1971 289 2050 censebunt,
315 1984 459 2054 tamquam
483 1975 577 2036 lamae
603 1975 756 2034 discrimen
777 1983 880 2053 agatur
1040 1987 1093 2038 500

101 2057 160 2116 Aut
184 2058 310 2118 animae:
335 2068 413 2119 tanta
437 2069 482 2119 est
499 2058 658 2139 quaerendi
682 2074 750 2118 cura
774 2058 908 2120 decoris!

102 2139 158 2200 l'ot
179 2143 285 2218 premit
307 2141 470 2219 ordinibus,
494 2152 538 2202 tot
559 2141 653 2203 adhue
677 2140 865 2219 compagibus
889 2143 976 2203 altum

100 2223 246 2285 Aedificat
268 2236 370 2305 caput:
392 2225 616 2286 Andromachen
638 2243 654 2285 a
676 2225 771 2284 fronte
795 2225 923 2295 videbis;

100 2308 171 2369 Post
192 2309 286 2368 minor
306 2319 368 2370 est:
393 2308 497 2370 credas
519 2309 614 2370 aliam.
660 2307 757 2384 Cedo,
780 2309 805 2368 si
827 2308 919 2370 breve
943 2310 1025 2389 parvi

101 2393 211 2453 Sortita
233 2401 278 2452 est
302 2393 403 2454 lateris
426 2395 549 2472 spatium
573 2393 751 2473 breviorque
774 2393 889 2454 videtur
1040 2403 1091 2454 505

99 2475 222 2554 Virgine
244 2475 406 2554 Pygmaea,
431 2476 517 2536 nullis
542 2478 637 2538 adiuta
660 2477 818 2554 cothurnis,

101 2557 138 2619 llt
159 2559 235 2619 levis
259 2570 360 2622 erecta
384 2562 534 2639 consurgit
559 2562 594 2622 ad
617 2562 720 2622 oscula
741 2562 853 2640 planta!

141 2641 229 2703 Nulla
252 2645 306 2704 viri
329 2661 399 2705 cura
421 2647 551 2721 interea,
576 2664 633 2706 nec
654 2647 761 2706 mentio
785 2645 834 2706 liet

100 2727 292 2787 Damnornmr
316 2731 387 2790 vivit
408 2739 551 2808 tamquam
575 2731 669 2790 vicina
692 2730 796 2803 mariti,

102 2809 165 2869 Hoc
188 2811 254 2870 solo
278 2815 416 2891 propior,
439 2814 516 2893 quod
539 2814 648 2873 amicos
671 2813 803 2889 coniugis
826 2813 887 2872 odit
1041 2820 1093 2870 510

102 2892 138 2952 llt
162 2911 285 2972 servos,
309 2897 408 2974 gravis
432 2906 478 2956 est
502 2895 671 2957 rationibus.
716 2895 797 2955 Ecce
819 2893 941 2955 lurentis

101 2977 242 3038 Bellonae
263 2982 420 3058 matrisque
442 2981 526 3040 deum
549 2979 655 3040 chorus
666 2981 752 3039 intrat
775 2987 803 3038 et
826 2979 928 3054 ingens

102 3060 243 3138 Semivir,
268 3061 399 3123 obsceno
421 3065 513 3124 iacies
535 3063 697 3125 reverenda
718 3061 832 3138 minori,

101 3143 201 3205 llollin
225 3147 274 3224 qui
295 3155 379 3225 rapta
403 3149 495 3207 secuit
516 3148 653 3224 genitalia
674 3155 750 3206 testa

101 3228 160 3288 lam
184 3228 312 3306 pridem,
337 3232 384 3290 cui
407 3248 495 3291 rauca
518 3231 641 3306 cohors,
666 3231 710 3290 cui
733 3239 868 3308 tympana
891 3230 997 3289 cedunt
1039 3239 1091 3292 515

99 3310 220 3372 Plebeia
244 3322 274 3372 et
295 3313 421 3391 Phrygia
445 3315 567 3374 vestitur
589 3314 682 3375 bucca
706 3316 787 3375 tiara.

101 3394 216 3456 Grande
237 3406 322 3457 sonat
345 3400 493 3478 metuique
514 3397 593 3459 iubet
613 3398 794 3476 Septembris
816 3407 846 3457 et
877 3397 966 3456 austri

99 3478 280 3558 Adventum,
304 3483 360 3546 nisi
385 3500 418 3542 se
443 3491 557 3542 centum
578 3482 746 3542 lustraverit
770 3483 834 3541 ovis
