2626 4006
489 246 614 294 SATIRA
633 247 666 294 X.

108 386 303 464 Temporibus
330 386 398 444 diris
423 387 507 462 igitur
531 385 669 463 iussuque
692 383 816 444 Neronis

108 472 269 547 Longinum
293 477 322 528 et
344 484 464 545 magnos
489 469 621 528 Senecae
643 469 811 546 praedivitis
833 468 934 530 hortos

110 553 222 615 Clausit
244 562 273 612 et
296 554 432 629 egregias
454 551 658 611 Lateranorum
681 551 796 611 obsidet
818 553 909 614 aedes

109 638 183 699 Tota
206 636 327 697 cohors:
350 652 432 694 rarus
457 636 584 694 venitin
607 635 765 696 coenacula
787 636 881 696 miles.

109 723 206 781 Pauca
228 720 298 779 licet
324 728 425 796 portes
450 720 563 796 argenti
585 719 703 778 vascula
731 720 805 797 puri,

108 804 205 864 Nocte
228 805 284 863 iter
306 804 456 879 ingressus
478 802 604 879 gladium
626 811 798 882 contumque
820 803 934 864 timebis

109 887 147 946 lit
168 895 263 946 motae
289 886 325 946 ad
346 886 440 945 lunam
463 884 621 963 trepidabis
644 887 788 946 arundinis
811 887 942 949 umbras:

110 969 243 1031 cantabit
269 986 379 1029 vacuus
405 985 502 1029 coram
525 969 637 1029 latrone
663 970 766 1029 viator.

108 1055 202 1114 Prima
226 1053 289 1113 iere
314 1061 382 1112 vota
409 1061 438 1112 et
462 1054 571 1112 cunctis
593 1054 741 1112 notissima
763 1053 879 1132 templis

108 1137 252 1212 Divitiae,
276 1145 410 1196 crescant
434 1145 464 1195 ut
487 1153 578 1214 opes,
601 1145 632 1196 ut
655 1138 777 1196 maxima
800 1147 862 1197 toto

108 1219 217 1280 Nostra
244 1220 280 1279 sit
304 1238 370 1280 arca
394 1220 469 1280 loro.
504 1220 563 1278 Sed
583 1219 661 1280 nulla
683 1221 796 1280 aconita
819 1219 954 1281 bibuntur

108 1303 274 1372 Fictilibus3
301 1313 368 1362 tunc
390 1303 440 1363 illa
465 1304 550 1379 time,
575 1321 659 1382 quum
682 1304 789 1381 pocula
812 1323 910 1364 sumes

109 1386 258 1447 (lemmata
285 1394 313 1445 et
335 1387 393 1446 lato
418 1387 547 1446 Setinum
570 1386 682 1446 ardebit
704 1388 733 1445 in
758 1403 839 1447 auro.

108 1470 207 1531 lamae
232 1472 318 1547 igitur
340 1469 457 1546 laudas,
484 1468 561 1548 quod
586 1471 622 1530 de
649 1470 828 1547 sapientibus
853 1470 928 1532 alter
1008 1497 1011 1506 r

109 1553 250 1630 Ridebat,
276 1553 390 1632 quoties
413 1552 450 1612 de
471 1553 567 1613 limine
588 1563 719 1614 moverat
743 1571 827 1614 unum

109 1637 332 1716 Protuleratque
354 1637 474 1714 pedem,
494 1637 582 1696 llebat
602 1638 762 1698 contrarius
785 1634 908 1697 auctor?

80 1787 81 1791 ,
109 1721 171 1782 Sed
193 1720 288 1780 facilis
313 1722 403 1780 cuivis
426 1721 512 1797 rigidi
535 1737 657 1780 censura
679 1720 827 1781 cachinni:

109 1803 268 1865 Mirandum
290 1812 352 1881 est,
378 1805 453 1864 unde
477 1803 527 1864 ille
551 1804 644 1864 oculis
669 1804 818 1864 suffecerit
845 1804 955 1866 humor.

14 1949 15 1968 ,
108 1889 256 1965 Perpetuo
281 1888 341 1947 risu
364 1887 528 1966 pulmonem
553 1889 664 1965 agitare
688 1887 803 1948 solebat

108 1972 311 2048 Democritus,
338 1989 508 2051 quamquam
531 1988 587 2031 non
610 1980 709 2031 essent
731 1969 854 2032 urbibus
877 1972 935 2031 illis

109 2056 264 2114 Praetexta
287 2065 316 2115 et
338 2055 474 2132 trabeae,
498 2055 612 2132 fasces,
638 2054 760 2131 lectica,
784 2055 919 2114 tribunal.

111 2137 202 2214 Quid,
227 2139 250 2196 si
273 2139 396 2198 vidisset
417 2147 582 2215 praetorem
606 2137 736 2196 curribus
761 2138 827 2197 altis

109 2222 280 2282 Exstantem
302 2231 330 2282 et
354 2222 440 2282 medii
462 2220 611 2281 sublimem
633 2221 755 2299 pulvere
776 2221 847 2280 circi

109 2305 142 2366 ln
168 2306 264 2366 tunica
285 2303 363 2365 lovis
387 2314 417 2365 et
439 2307 535 2383 pictae
559 2306 682 2366 Sarrana
707 2305 851 2365 ferentem

108 2389 155 2449 le
181 2387 307 2448 humeris
332 2389 434 2450 aulaea
458 2398 546 2466 togae
568 2405 749 2466 magnaeque
773 2405 901 2448 coronae
1011 2443 1014 2448 r

109 2472 230 2534 Tantum
257 2472 373 2549 orbem,
401 2482 507 2552 quanto
533 2473 635 2532 cervix
659 2489 716 2531 non
741 2472 847 2532 suflicit
869 2469 948 2531 ulla?

110 2556 228 2634 Quippe
256 2564 336 2616 tenet
358 2555 462 2616 sudans
484 2556 558 2616 banc
578 2555 712 2634 publicus
734 2565 779 2632 et,
804 2555 859 2614 sibi
886 2556 986 2615 consul

109 2639 155 2700 Ne
178 2638 309 2717 placeat,
334 2658 419 2699 curru
441 2656 544 2700 servus
568 2647 699 2716 portatur
723 2640 837 2700 eodem.

109 2723 155 2782 Da
176 2740 252 2782 nunc
278 2731 307 2781 et
331 2723 497 2798 volucrem,
523 2733 641 2800 sceptro
670 2740 745 2801 quae
766 2724 859 2800 surgit
880 2722 1003 2798 eburno,

109 2807 193 2867 lllinc
216 2807 396 2883 cornicines,
419 2805 485 2866 binc
507 2807 713 2883 praecedentia
738 2807 819 2884 longi

110 2889 242 2966 Agminis
266 2889 361 2948 cilicia
389 2898 418 2948 et
440 2892 541 2949 niveos
566 2889 601 2950 ad
627 2890 709 2949 irena
734 2888 872 2964 Quirites,

110 2973 239 3033 Deiossa
263 2974 291 3031 in
316 2973 419 3032 loculis
443 2991 517 3052 qnos
541 2973 671 3051 sportula
690 2973 763 3032 ¹lecit
787 2974 906 3032 amicos.

111 3055 182 3116 Tum
210 3072 326 3134 quoque
350 3058 497 3116 materiam
519 3058 593 3116 risus
617 3058 725 3116 invenit
748 3055 784 3116 ad
808 3073 909 3114 omnes

111 3138 260 3199 Occursus
282 3139 439 3215 hominurn,
467 3142 548 3200 euius
573 3139 723 3217 prudentia
748 3148 897 3214 monstrat,

110 3223 244 3282 Summos
270 3238 360 3300 posse
386 3225 465 3283 viros
488 3234 518 3284 et
536 3241 638 3300 magna
664 3223 798 3302 exempla
825 3224 944 3284 daturos

108 3305 276 3366 llervecum
298 3306 326 3365 in
349 3309 441 3384 patria
466 3324 624 3384 crassoque
648 3307 701 3366 sub
725 3325 793 3367 aere
816 3308 907 3367 nasei.

111 3388 237 3449 Ridebat
261 3408 362 3466 curas,
388 3408 524 3451 necnon
550 3400 579 3450 et
602 3391 706 3467 gaudia
732 3391 822 3468 vulgi,

109 3472 256 3533 interdum
280 3482 309 3533 et
335 3474 484 3551 lacrimas,
511 3492 596 3553 quum
618 3474 750 3533 fortunae
776 3475 841 3551 ipse
867 3472 969 3532 minaci

152 3577 209 3617 ruv.
234 3577 296 3616 snr.
869 3557 888 3612 5
