2626 4006
494 209 618 258 annuns
640 213 675 259 x.
1068 208 1107 266 ta

117 349 282 416 blatronae;
303 364 371 406 mox
393 365 479 424 quum
502 349 616 408 dederit
639 350 763 412 Servilia
785 370 925 432 nummos,

116 435 183 496 Fiet
205 442 234 492 et
255 431 351 506 illius,
376 448 461 508 quam
483 449 541 490 non
561 442 651 509 amat,
676 444 765 495 exuet
789 453 902 498 omnem
1053 452 1107 505 sno

118 516 260 594 Corporis
284 523 429 582 ornatum;
454 514 522 593 quid
544 517 619 576 enim
641 517 700 578 ullu
722 522 874 596 negaverit
896 523 960 582 udis

117 595 311 679 Inguinibus?
334 599 395 657 sive
419 607 465 658 est
488 598 562 660 baec
585 598 694 679 Oppia,
718 604 781 662 sive
800 602 913 665 Catulla

116 685 273 758 Deterior,
300 691 379 742 totos
401 680 489 742 babet
510 682 571 742 illic
593 683 697 744 semina
719 703 873 746 mores.-

117 769 178 830 Sed
200 775 281 827 casto
308 766 376 843 quid
400 767 494 827 iorma
514 764 623 826 nocet?
639 801 681 816 --
701 767 776 841 Quid
799 769 909 847 proluit
930 771 1015 830 immo

116 851 277 930 Hippolyto
300 867 390 927 grave
415 851 610 928 propositum,
638 853 705 931 quid
727 852 970 934 Bellerophonti?
1056 867 1105 921 325

116 935 239 1000 Erubuit
262 951 367 1012 nempe
389 933 464 994 baec
487 951 541 993 ceu
563 934 708 1012 fastidita,
734 937 853 1015 repulsa

116 1015 181 1080 Nec
203 1017 391 1078 Stheneboea
413 1018 505 1076 minus
529 1035 613 1095 quam
640 1016 752 1080 Cressa·
772 1023 942 1100 excanduit,
968 1033 997 1084 et
1021 1043 1054 1085 se

118 1102 306 1163 Concessere
330 1099 441 1162 ambae.
475 1099 580 1162 Mulier
606 1103 774 1163 saevissima
799 1114 866 1165 tunc
889 1116 946 1183 est,

118 1185 213 1259 Quum
237 1184 369 1244 stimulos
390 1185 459 1243 odio
479 1184 573 1262 pudor
597 1185 739 1246 admovet.
774 1187 878 1266 Elige,
903 1191 1035 1269 quidnam

117 1269 302 1332 Suadendum
327 1286 394 1328 esse
422 1273 523 1346 putes,
551 1269 597 1328 oui
618 1269 729 1329 nubere
753 1269 889 1332 Caesaris
909 1293 984 1334 uxor
1056 1285 1108 1338 330

116 1355 260 1414 Destinat.
298 1350 428 1430 Optimus
453 1351 501 1411 lric
525 1361 554 1412 et
575 1352 803 1413 formosissimus
825 1357 902 1416 idem

118 1438 219 1500 Gentis
244 1437 385 1513 patriciae
407 1437 518 1513 rapitur
544 1436 632 1495 miser
658 1439 887 1515 exstinguendus

116 1520 293 1582 Messalinae
320 1518 428 1587 oculis;
450 1518 554 1578 dudum
581 1520 665 1579 sedet
691 1520 741 1581 illa
764 1532 865 1599 parato

116 1603 296 1666 Flammeolo
319 1601 482 1681 Tyriusque
504 1603 599 1681 palum
618 1605 742 1680 genialis
765 1606 793 1664 in
814 1606 906 1666 hortis

7 1699 8 1704 ’
116 1689 278 1762 Sternitur,
301 1695 331 1746 et
353 1687 407 1746 ritu
431 1686 531 1746 decies
559 1696 681 1747 centena
707 1688 848 1748 dabuntur
1054 1701 1106 1755 335

116 1773 263 1850 Antiquo.
285 1771 384 1830 veniet
408 1787 472 1829 cnm
493 1771 688 1847 signatoribus
710 1789 833 1850 auspex.

114 1855 197 1916 llaec
219 1865 249 1914 tu
272 1862 387 1915 secreta
409 1862 438 1913 et
460 1855 561 1931 paucis
584 1857 736 1915 commissa
759 1855 904 1934 putabasl

114 1939 182 2000 Non
205 1939 261 1998 nisi
284 1937 414 2014 legitime
440 1937 501 1997 vult
521 1935 641 1997 nubere.
679 1936 754 2010 Quid
777 1940 909 2017 placeat,
935 1939 996 2008 dic:

115 2023 152 2084 Ni
175 2039 281 2102 parere
303 2021 395 2096 velis,
418 2022 597 2100 pereundum
619 2023 674 2081 erit
697 2031 764 2081 ante
784 2022 935 2090 lucernas;

117 2109 149 2168 Si
173 2105 272 2166 scelus
298 2104 445 2180 admittes,
468 2105 581 2164 dabitur
604 2121 684 2165 more
707 2103 843 2183 parvula,
870 2105 935 2165 dum
957 2124 1005 2166 rcs
1057 2118 1109 2171 340

117 2190 194 2251 Nota
218 2187 283 2248 urbi
307 2198 336 2249 et
360 2189 470 2268 populo
495 2190 641 2265 contingat
662 2190 801 2266 principis
824 2207 933 2249 aurern.

116 2274 258 2335 Dedecus
278 2272 329 2332 ille
355 2272 456 2332 domus
480 2274 553 2332 sciet
571 2272 702 2340 ultimus;
726 2274 837 2332 interea
860 2282 890 2332 tu

118 2356 294 2435 Obsequere
320 2358 458 2434 imperio,
482 2357 506 2415 si
529 2358 598 2416 tanti
622 2356 680 2416 vitu
703 2355 815 2415 dierum

117 2443 293 2502 Paucorum:
328 2440 465 2519 quidquid
483 2439 577 2500 levius
599 2440 761 2518 meliusque
784 2441 906 2518 putaris,

118 2523 291 2585 Praebenda
314 2532 360 2583 est
377 2524 476 2601 gladio
499 2523 620 2602 pulchra
641 2523 715 2582 haec
737 2532 766 2582 et
787 2524 907 2584 candida
931 2525 1041 2584 cervix.
1058 2533 1108 2588 345

159 2607 208 2667 Nil
233 2625 306 2684 ergo
329 2608 469 2686 optabunt
490 2605 646 2666 homines?
666 2639 709 2656 -
727 2607 759 2667 Si
783 2607 933 2668 consilium
954 2609 1011 2682 vis,

118 2692 272 2752 Permittes
294 2692 366 2770 ipsis
394 2691 563 2769 expendere
585 2690 762 2765 numinibus,
788 2692 855 2768 quid

119 2774 283 2835 Conveniat
308 2775 393 2834 nobis
418 2774 566 2853 rebusque
590 2776 626 2833 sit
649 2773 719 2833 utile
743 2776 861 2833 nostris.

118 2857 189 2920 Nam
213 2875 268 2938 pro
292 2859 422 2919 iucundis
445 2860 591 2936 aptissima
615 2875 749 2935 quaeque
771 2856 877 2917 dabunt
902 2857 941 2916 di.

119 2941 224 3002 Garior
247 2951 292 3001 est
313 2942 371 3003 illis
394 2942 497 3017 bomo,
524 2960 608 3019 quam
632 2941 697 3000 sibi.
731 2938 793 2999 Nos
816 2941 973 2999 animorum
1059 2948 1112 3002 350

120 3025 249 3104 lmpulsu
274 3035 304 3085 et
326 3043 417 3086 caeca
437 3042 597 3103 magnaque
622 3024 756 3102 cupidine
782 3023 859 3083 ducti

120 3107 292 3186 Coniugium
314 3112 439 3188 petimus
461 3118 632 3188 partumque
654 3110 770 3175 uxoris;
794 3116 823 3167 at
846 3106 905 3167 illis

119 3191 240 3268 Notum,
270 3195 319 3271 qui
344 3195 427 3271 pueri
452 3192 605 3272 qualisque
625 3193 721 3252 futura
745 3193 781 3251 sit
802 3208 885 3251 uxor.

121 3275 157 3336 Ut
180 3287 276 3336 tamen
297 3285 326 3336 et
351 3294 459 3355 poscas
482 3276 589 3354 aliquid
615 3293 787 3354 voveasque
810 3275 928 3335 sacellis

119 3358 193 3420 llxta
217 3370 247 3420 et
273 3360 418 3420 candiduli
441 3361 536 3421 divina
557 3359 703 3420 tomacula
725 3360 819 3437 porci,
1058 3365 1111 3418 355

121 3441 265 3504 orandum
287 3453 350 3522 est,
371 3453 401 3504 ut
425 3445 462 3503 sit
482 3462 563 3503 mens
586 3461 656 3502 sana
678 3444 853 3522 incorpore
877 3456 956 3500 sano.
