2626 4006
538 256 664 304 sumna
687 256 758 305 xm.
1067 249 1125 308 105

181 397 311 457 Praemia
334 413 409 457 nnnc
432 395 488 456 alia
514 405 600 474 atque
623 396 679 457 alia
703 395 896 458 emolumenta
917 408 1048 459 nutemus
1091 409 1126 463 35

137 483 399 541 sacramentorum.
437 477 606 538 Gonvallem
628 482 703 539 ruris
728 481 795 540 aviti

136 562 289 642 lmprobus
313 574 360 624 aut
382 579 514 640 eampum
536 563 603 623 mibi
624 565 649 622 si
672 563 782 623 vicinus
806 563 922 642 ademit,

136 646 174 707 itt
197 665 309 708 sacrum
334 646 435 706 effodit
456 645 550 705 medio
573 647 610 706 de
635 647 724 706 limite
744 665 855 724 saxum,

136 729 222 804 Quod
244 748 308 791 mea
331 749 395 791 cum
428 729 527 808 patulo
554 731 644 790 coluit
672 730 738 809 puls
767 749 859 792 annua
885 730 965 811 libo,

136 813 260 874 Debitor
282 823 330 874 aut
352 822 483 891 sumptos
505 815 602 892 pergit
629 831 686 872 non
710 815 837 875 reddere
864 834 1005 894 nummos,
1091 826 1126 879 40

136 897 216 958 Vana
240 897 413 977 supervacui
435 897 536 956 dicens
564 896 759 977 chirographa
781 898 867 975 ligni:

136 979 358 1059 Exspectandus
382 981 437 1042 erit
461 981 509 1058 qui
531 979 598 1040 lites
620 980 738 1041 inchoet
761 1000 850 1042 annus

135 1064 237 1125 'letius
259 1064 376 1144 populi;
398 1063 451 1124 aed
473 1073 540 1123 tuuc
563 1069 680 1143 quoque
700 1064 779 1125 mille
802 1066 922 1126 ferenda

137 1148 261 1225 Taedia,
283 1147 361 1208 mille
380 1164 496 1208 morae:
521 1149 609 1207 toties
631 1147 773 1209 subsellia
797 1157 904 1209 tantum

136 1234 320 1300 sternentem
345 1232 401 1292 iam
423 1231 547 1292 lacundc
571 1240 699 1310 ponente
726 1231 859 1294 lacernas
1090 1243 1125 1297 45

138 1314 277 1377 Caedicio
305 1323 334 1375 et
356 1313 453 1376 Fusco
479 1317 534 1374 iam
558 1315 740 1376 micturiente
761 1318 855 1396 parati

135 1399 321 1478 Digredimur
344 1399 480 1478 lentaque
503 1399 561 1459 lori
582 1401 742 1478 pugnamus
766 1419 863 1460 arena.

135 1483 190 1546 Ast
211 1483 283 1560 illis,
309 1501 382 1562 ques
405 1500 483 1543 arma
505 1490 606 1560 tegunt
628 1492 657 1542 et
678 1483 792 1544 balteus
816 1482 913 1561 ambit,

136 1566 223 1641 Quod
247 1567 385 1646 placitum
408 1576 452 1626 cst
474 1566 547 1644 ipsis
573 1576 737 1645 praestatur
758 1576 872 1647 tempus
898 1569 1014 1648 agendi,

135 1649 200 1714 Nec
224 1668 273 1712 res
296 1652 427 1711 atteritur
449 1650 538 1727 longo
561 1651 721 1711 sufflamine
744 1652 811 1712 litis.
1090 1667 1125 1717 50

135 1734 215 1796 Solis
241 1744 396 1813 praeterea
418 1733 542 1795 testandi
563 1733 700 1794 militibus
723 1737 767 1796 ius

135 1817 211 1878 Vivo
236 1827 319 1896 patre
343 1817 440 1887 datur;
464 1836 554 1894 nam,¹
570 1835 644 1896 quae
670 1828 736 1879 sunt
757 1829 840 1898 parta
862 1819 964 1881 labore

135 1900 275 1978 llilitiae,
299 1902 408 1981 placuit
429 1919 487 1962 non
507 1919 575 1962 esse
597 1903 625 1961 in
649 1920 775 1982 corpore
800 1922 915 1980 census,

137 1985 230 2045 Omne
253 1995 332 2046 tenet
358 1987 439 2047 cuius
464 1988 596 2062 regimen
618 1996 711 2065 pater.
752 1986 833 2065 llrgo
858 1984 1011 2065 Coranum,

137 2071 291 2148 Signcrum
320 2071 454 2130 comitem
476 2078 696 2148 castrorumque
721 2089 790 2132 aera
813 2079 982 2147 merentem,
1090 2084 1124 2134 55

137 2153 274 2227 Quamvis
299 2156 355 2214 iam
380 2155 519 2214 tremulus
543 2161 639 2231 captat
663 2164 755 2233 pater.
799 2153 882 2214 Hunc
906 2155 990 2215 lavor
1012 2173 1123 2234 aequus

136 2236 274 2297 Provehit
296 2247 326 2297 et
349 2238 472 2317 pulchro
493 2235 589 2298 reddit
611 2255 662 2297 sua
684 2239 759 2299 dona
783 2237 886 2298 labori.

135 2319 231 2399 Ipsius
253 2329 333 2381 certe
357 2322 438 2382 ducis
463 2321 520 2382 boc
544 2320 658 2382 relerre
679 2322 804 2398 videtur,

141 2398 195 2481 Ut,
223 2406 272 2484 qui
294 2405 377 2466 lertis
399 2407 472 2482 erit,
497 2406 534 2465 sit
554 2403 739 2466 felicissimus
760 2407 848 2482 idem,

137 2485 176 2548 Ut
200 2488 269 2550 laeti
293 2487 422 2568 phaleris
448 2506 548 2550 omnes
572 2497 602 2548 et
622 2489 773 2570 torquibus
799 2508 908 2552 omnes.
1090 2500 1125 2556 dt)
