2600 4006
504 255 629 302 sarran
647 254 699 301 111.
1057 245 1095 305 13

106 397 242 460 llerculis
261 397 403 456 Antaeum
426 392 529 474 procul
547 392 691 453 a'tellure
713 393 849 469 tenentia,

106 482 226 544 Miratur
247 497 352 540 vocem
374 487 541 556 angustam,
568 495 624 554 qua
645 477 774 536 deterius
792 494 848 536 nec
1061 489 1095 542 90

107 566 161 627 llle
185 574 285 639 sonat,
307 580 365 642 quo
385 562 535 623 mordetur
557 560 665 638 gallina
686 557 812 620 marito?

106 650 188 712 llaec
212 649 314 710 eadem
336 647 405 706 licet
427 655 456 706 et
475 645 559 704 nohis
582 643 716 704 laudare:
740 645 792 705 scd
810 643 869 704 illis

108 732 252 793 Creditur.
297 730 342 790 An
363 730 482 805 melior,
506 746 592 808 quum
612 727 722 788 Thaida
745 729 866 788 sustinet
888 737 936 788 ant
958 747 1042 807 quum

107 817 238 877 Uxorem
260 813 418 876 comoedus
441 815 500 891 agit
521 813 570 872 vel
586 811 696 872 llorida
714 812 793 873 nullo

109 899 222 961 Cultam
240 897 385 979 palliolo?
406 898 509 959 mulier
531 913 636 975 nempe
654 897 718 974 ipsa
739 896 864 971 videtur,
1060 909 1095 963 95

108 984 174 1045 Non
198 1001 325 1063 persona
347 983 442 1061 loqui:
462 999 554 1042 vacua
577 989 606 1040 et
627 981 712 1058 plana
736 981 830 1040 omnia
853 979 933 1040 dicas

108 1067 186 1128 lnlra
205 1067 396 1127 ventriculum
415 1075 444 1124 et
467 1066 546 1124 tenui
568 1065 699 1126 distantia
719 1067 799 1124 rima.

108 1151 172 1211 Nec
195 1160 289 1211 tamen
309 1149 469 1210 Antiochus
490 1166 546 1208 nec
569 1151 624 1208 erit
642 1147 782 1208 mirabilis
802 1147 862 1207 illic

110 1237 167 1294 Aut
192 1234 355 1294 Stratocles
377 1242 426 1293 aut
449 1250 512 1292 cnm
532 1231 613 1292 molli
633 1231 798 1292 Demetrius
820 1230 946 1291 Haemo:

109 1318 194 1378 Natio
215 1318 356 1378 comoeda
378 1327 432 1376 εει.
477 1316 584 1376 Rides:
608 1317 717 1376 maiore
739 1315 879 1376 cachinno
1045 1331 1096 1382 100

109 1399 294 1476 Concutitur3
315 1401 380 1477 det,
404 1403 429 1460 si
450 1401 586 1461 lacrimas
608 1401 762 1479 conspexit
783 1399 877 1475 amici,

109 1485 171 1545 Nec
195 1485 290 1557 dolet3
313 1485 468 1562 igniculum
489 1485 608 1545 hrnmae
632 1485 657 1543 si
678 1493 812 1562 tempore
833 1500 951 1560 poscas,

108 1569 226 1648 Accipit
248 1569 460 1639 endromidem
482 1570 506 1628 si
528 1568 638 1628 dixeris
661 1577 778 1642 aestuo,
802 1567 893 1628 sudat.

107 1653 171 1712 Nou
194 1672 291 1714 sumus
313 1671 385 1730 ergo
404 1670 509 1731 pareo:
529 1651 648 1726 melior,
672 1653 720 1730 qui
743 1669 860 1729 semper
883 1661 912 1712 et
935 1655 1010 1713 omni

108 1737 203 1796 Nocte
225 1737 331 1816 dieque
352 1745 451 1814 potest
470 1736 564 1796 aliena
586 1753 700 1794 sumere
720 1734 828 1794 vultum
1047 1749 1095 1800 105

108 1822 133 1879 A
154 1820 243 1896 facie,
262 1823 372 1880 iactare
394 1835 509 1896 manus,
534 1819 652 1880 laudare
675 1827 803 1897 paratus,

108 1905 139 1964 Si
156 1903 234 1964 hene
255 1904 395 1979 ructavit,
416 1905 442 1963 oi
461 1911 572 1964 rectum
595 1905 696 1963 minxit
717 1904 835 1978 amicus,

108 1989 137 2046 Si
158 1988 246 2048 trulla
269 1989 387 2047 inverso
410 1989 551 2065 crepitum
570 1985 648 2048 dedit
669 2005 757 2047 aurea
779 1987 877 2047 fundo.

107 2070 264 2131 Praeterea
286 2081 415 2132 sanctum
437 2070 507 2131 nihil
529 2079 647 2130 estnec
670 2069 705 2130 ab
726 2071 843 2146 inguine
864 2079 967 2130 tutum:

106 2152 170 2214 Non
189 2164 320 2215 matrona
338 2154 423 2232 laris,
446 2171 504 2214 non
527 2153 584 2214 iilia
605 2155 709 2231 virgo,
731 2170 828 2231 neque
850 2154 925 2230 ipse·
1045 2165 1095 2216 110

108 2239 239 2316 Sponsus
260 2240 336 2299 levis
357 2238 467 2313 adhuc,
488 2256 547 2298 non
569 2238 645 2298 lilius
664 2247 730 2298 ante
751 2237 888 2315 pudicns3

106 2321 214 2382 llorum
238 2325 262 2382 si
283 2322 354 2383 nihil
375 2331 437 2398 est,
461 2323 554 2382 aviam
576 2323 724 2400 resupinat
744 2322 839 2380 amici.

107 2407 191 2466 Scire
212 2407 314 2466 volunt
334 2415 450 2467 secreta
472 2406 574 2466 domus
594 2415 680 2485 atque
699 2405 766 2466 inde
788 2405 892 2464 timeri.

106 2487 142 2549 Ει
164 2491 300 2568 quoniam
323 2493 421 2569 coepit
444 2490 620 2550 Graecorum
641 2491 766 2565 mentio,
790 2489 879 2549 transi

107 2573 261 2649 Gymnasia
282 2582 370 2653 atque
392 2574 459 2634 audi
480 2574 592 2635 facinus
610 2575 727 2635 maioris
749 2572 882 2634 abollae:
1046 2582 1095 2634 115

107 2658 224 2716 Stoicus
243 2657 354 2717 occidit
372 2655 494 2718 Baream
514 2658 645 2733 delator,
666 2659 787 2718 amicum

106 2737 345 2819 Discipulomque
368 2761 460 2802 senex
481 2745 544 2821 ripa
562 2744 684 2802 nutritus
704 2743 732 2806 in
755 2741 816 2813 illa,
857 2739 859 2744 ’

107 2824 152 2884 hd
177 2842 262 2902 quam
281 2824 429 2902 Gorgonei
452 2826 573 2904 delapsa
596 2834 641 2884 est
661 2827 748 2905 pinna
769 2824 888 2885 caballi!

106 2904 171 2966 Non
193 2918 240 2967 est
259 2907 390 2969 Romano
414 2912 544 2989 cuiquam
567 2910 650 2969 locus
671 2909 735 2980 hic,
756 2907 805 2966 uhi
827 2915 930 2984 regnat

105 2990 289 3069 Protogenes
311 2993 415 3072 aliquis
433 2993 483 3053 vel
503 2993 637 3071 Diphilus
656 3001 703 3052 aut
723 2990 928 3066 Hermarchus,
1046 2999 1095 3051 120

107 3072 161 3146 Qui
184 3076 280 3151 gentis
302 3077 373 3136 vitio
395 3095 546 3154 numquam
566 3077 686 3154 partitur
707 3076 840 3150 amicum,

107 3157 194 3218 ilolus
217 3157 319 3228 hahet;
342 3179 406 3221 nam
428 3179 513 3238 quum
535 3159 650 3219 facilem
673 3159 792 3220 stillavit
811 3160 840 3218 in
862 3177 960 3219 aurem

107 3237 249 3318 Exiguum
271 3243 308 3302 de
331 3253 450 3304 naturae
471 3245 641 3322 patriaeque
661 3260 787 3320 veneno,

107 3321 213 3384 Limine
237 3343 438 3403 summoveor,
463 3328 610 3405 perierunt
630 3334 763 3405 tempora
785 3328 865 3404 longi

109 3407 240 3478 Servilii:
264 3427 403 3490 nusquam
425 3411 517 3469 minor
539 3417 585 3468 εει
603 3409 712 3470 iactura
733 3410 857 3470 clientis.
1046 3417 1092 3468 125

147 3488 234 3562 Quod
255 3509 345 3571 porro
369 3493 511 3569 cilicium,
533 3511 569 3552 ne
589 3492 673 3552 nohis
694 3492 842 3568 blandiar,
866 3503 913 3552 aut
934 3492 1009 3570 qnod
