2626 4006
501 164 626 211 sautum
647 166 707 212 Vll.

109 305 249 368 Omnibus
273 313 302 363 et
325 305 433 364 crescit
454 301 542 362 multa
565 304 702 364 damnosa
724 322 853 382 papyr03

108 394 159 453 Sic
182 391 287 466 ingens
307 405 403 446 rerum
425 405 560 446 numerus
582 387 661 447 iubet
683 397 768 466 atque
794 406 915 467 operum
936 388 994 449 lex.

108 475 195 550 Quae
218 483 314 532 tamen
335 472 401 530 inde
425 468 536 548 seges?
559 479 654 531 terrae
673 474 738 550 quis
758 472 870 532 fructus
893 471 1037 550 apertae?

108 558 182 633 Quis
205 556 285 616 dabit
303 556 458 631 historico,
482 563 616 634 quamum
637 555 720 615 daret
742 565 807 616 acta
829 554 962 633 legenti?

106 641 213 702 -Sed
232 658 325 717 genus
345 641 495 716 ignavum,
519 638 598 717 quod
620 639 699 698 lecto
721 639 829 716 gaudet
851 648 880 698 et
901 640 1099 705 umbra-106

108 727 166 786 Dic
189 725 295 802 igitur,
319 722 387 802 quid
409 723 563 782 causidicis
584 723 681 782 civilia
701 732 852 800 praestent

108 809 215 868 Officia
237 817 266 866 et
287 817 392 883 magno
416 808 537 865 comites
559 807 588 865 in
608 805 690 866 fasce
712 803 829 866 libelli?

107 894 169 972 lpsi
190 908 294 968 magna
315 899 434 965 sonant,
454 890 508 949 sed
528 899 602 965 turn,
632 908 718 968 quum
741 891 870 950 creditor
891 892 979 966 audit,

108 977 290 1053 Praecipue,
312 974 361 1033 vel
384 976 408 1034 si
430 974 524 1051 tetigit
540 973 614 1033 latus
638 976 734 1034 acrior
753 974 817 1052 illo,

109 1060 167 1133 Qui
188 1061 268 1118 venit
286 1057 322 1117 ad
342 1058 457 1117 dubium
479 1057 580 1134 grandi
603 1076 668 1117 cnm
689 1059 793 1118 codice
817 1075 931 1118 nornen.
1049 1073 1101 1123 110

109 1142 191 1204 Tunc
213 1144 351 1201 immensa
370 1143 434 1201 cavi
456 1142 565 1219 spirant
585 1142 736 1202 mendacia
758 1141 848 1202 folles

110 1223 343 1304 Conspuiturque
365 1226 460 1284 sinus:
477 1241 577 1284 veram
600 1225 784 1303 deprendere
806 1243 932 1285 messem

109 1313 141 1371 Si
164 1310 252 1383 libet,
274 1309 341 1368 binc
362 1317 476 1368 centum
498 1309 668 1386 patrimonia
687 1310 910 1386 causidicorum,

108 1395 194 1455 Parte
218 1393 275 1452 alia
296 1393 389 1452 solum
409 1394 514 1451 russati
535 1409 612 1470 pone
627 1391 787 1452 Lacernae.

110 1476 281 1537 Consedere
304 1476 410 1535 duces:
433 1477 527 1553 surgis
549 1485 579 1534 tn
601 1474 726 1553 pallidus
746 1475 832 1552 Aiax,
1049 1488 1098 1539 tls

108 1562 244 1621 Dicturus
267 1558 352 1619 dubia
371 1576 424 1637 pro
447 1559 597 1633 libertate,
618 1558 745 1619 bubulco

109 1645 217 1704 Iudice.
260 1643 373 1720 Rumpe
393 1644 482 1702 miser
502 1652 614 1702 tensum
637 1644 733 1718 iecur,
756 1650 786 1701 ut
807 1641 858 1702 tibi
880 1642 959 1702 lasso

110 1728 248 1806 Figantur
269 1726 395 1802 virides,
418 1726 561 1786 scalarum
583 1726 694 1804 gloria,
716 1725 844 1804 palmae;

112 1811 196 1884 Quod
217 1811 301 1870 vocis
322 1807 464 1888 pretium?
486 1811 582 1870 siccus
601 1809 807 1888 petasunculus
831 1818 861 1868 et
882 1825 934 1868 vas

11 1897 12 1938 ³
110 1895 311 1970 Pelamydurn,
334 1903 382 1953 ant
403 1902 537 1969 veteres,
557 1892 721 1953 llaurorum
745 1892 898 1969 epimenia,
920 1891 1010 1974 bulbi,
1046 1903 1096 1956 120

111 1978 168 2038 Aut
188 1981 283 2037 vinnm
305 1976 404 2037 Tiberi
426 1978 594 2053 devectum,
618 1978 744 2056 quinque
767 1977 901 2053 lagonae.

111 2065 141 2122 Si
164 2071 268 2140 quater
288 2062 391 2139 egisti,
414 2063 439 2120 si
461 2061 581 2137 contigit
603 2077 708 2120 aurens
728 2077 811 2135 nnus,

111 2145 180 2206 lude
204 2145 308 2205 cadunt
329 2153 428 2222 partes
448 2161 487 2202 ex
505 2143 628 2202 loedere
650 2143 902 2220 pragmaticorum.

110 2229 236 2289 Aemilio
259 2228 372 2288 dabitur
394 2236 528 2306 quantum
550 2226 632 2302 licet,
656 2235 686 2285 et
705 2225 809 2285 melius
826 2241 881 2284 nos

110 2313 246 2390 liginum
270 2312 353 2372 buius
372 2313 447 2371 enim
468 2319 525 2370 stat
547 2327 647 2368 currus
670 2327 795 2384 aenens,
819 2308 869 2369 alti
1045 2319 1094 2370 luo

111 2395 304 2472 Quadriiuges
324 2397 352 2454 in
371 2394 539 2468 vestibulis,
563 2401 649 2472 atque
671 2395 736 2471 ipse
757 2393 852 2453 feroci

110 2479 259 2539 bellatore
280 2478 387 2540 sedens
410 2486 556 2539 curvatum
576 2477 680 2538 hastile
699 2478 821 2537 minatur

110 2563 228 2622 Eurinus
252 2572 281 2622 et
303 2571 394 2624 statua
416 2562 569 2622 meditatur
586 2560 699 2639 proelia
718 2560 809 2620 lusca.

111 2648 161 2706 Sic
182 2646 262 2706 l’edo
287 2646 453 2722 conturbat,
476 2643 572 2705 llatbo
596 2645 708 2714 delicit;
733 2645 829 2704 exitus
846 2642 895 2703 lric
915 2652 960 2703 est

111 2728 261 2807 Tongilii,
284 2747 388 2807 magno
411 2745 475 2789 curn
496 2729 681 2788 rhinocerote
705 2728 796 2788 lavari
1046 2734 1098 2786 130

112 2814 168 2887 Qui
192 2813 271 2873 solet
292 2823 321 2872 et
343 2821 431 2873 vexat
451 2811 590 2873 lutulenta
609 2813 713 2873 balnea
734 2809 818 2870 turba

110 2897 226 2975 Perque
249 2897 342 2957 iorum
362 2899 482 2957 iuvenes
504 2896 593 2974 longo
615 2896 720 2974 premit
741 2911 842 2954 assere
865 2891 996 2966 llaedos,

111 2980 268 3059 Empturus
291 2998 416 3059 pueros,
437 2989 601 3058 argentum,
636 2979 778 3056 murrina,
805 2975 905 3044 villas;

112 3065 247 3143 Spondet
270 3067 344 3125 enirn
368 3063 457 3140 Tyrio
480 3063 620 3131 stlattaria
641 3079 768 3140 purpura
789 3059 849 3119 illo.

111 3145 149 3207 Et
170 3157 267 3207 tamen
289 3157 335 3209 est
353 3147 411 3208 illis
430 3147 487 3207 hoc
508 3147 593 3213 utile;
617 3159 742 3224 purpura
763 3142 863 3204 vendit
1049 3153 1099 3206 135

113 3228 317 3307 Causidicum,
335 3232 462 3292 vendunt
483 3229 687 3305 amethystina;
709 3229 846 3290 convenit
869 3225 927 3288 illis

111 3311 150 3373 Et
171 3317 345 3392 strepitust
365 3314 576 3375 iaciemaioris
597 3315 698 3372 vivere
719 3330 834 3373 census.

114 3397 173 3458 Sed
196 3397 283 3457 linem
303 3400 451 3478 impensae
474 3415 532 3457 non
553 3407 649 3458 servat
666 3396 791 3482 prodiga
813 3395 914 3455 lloma.

154 3502 211 3542 mv.
234 3502 294 3540 sar.
540 3521 543 3526 n
882 3488 900 3540 4
