2626 4006
216 230 254 290 42
545 243 579 287 o.
596 242 665 288 ron.
683 240 869 288 mvsunnrs

216 380 252 440 llt
272 382 486 458 xerampelinas
508 390 626 440 veteres
650 381 799 440 donaverit
823 381 888 458 ipsi,

215 463 267 539 Ut,
292 464 427 542 quidquid
450 464 536 524 subiti
560 473 589 523 et
609 465 704 540 magni
727 463 897 524 discriminis
917 464 1014 539 instat,
1151 475 1205 528 tto

215 547 246 606 ln
268 548 378 607 tunicas
401 557 448 608 eat
471 557 500 608 et
522 556 610 607 totum
635 547 726 606 semel
751 549 849 624 expiet
872 564 984 607 annum.

214 629 370 690 Hibernum
391 630 483 693 inacta
503 631 599 708 glacie
622 630 783 691 descendet
804 632 832 690 in
853 648 976 707 amnem,

215 714 272 773 Ter
294 714 431 775 matutino
458 713 556 774 'l'iberi
576 722 725 791 mergetur
747 723 777 774 et
798 715 869 792 ipsis

214 797 380 858 Vorticibus
404 799 530 858 timidum
555 807 641 876 caput
666 797 783 866 abluet;
811 797 877 857 inde
903 797 1029 876 Superbi

215 881 317 941 Totum
338 883 418 958 regis
441 900 540 960 agrum
562 882 636 942 nuda
658 900 693 941 ae
715 879 903 941 tremebunda
926 881 1053 941 cruentis
1153 893 1206 944 555

215 964 325 1044 Erepet
346 965 484 1041 genibus;
510 967 534 1025 si
559 965 678 1025 candida
702 965 818 1025 iusserit
837 964 881 1040 lo,

215 1049 269 1108 lbit
286 1048 325 1107 ad
352 1047 480 1127 Aegypti
504 1049 588 1108 finem
612 1048 765 1126 calidaque
787 1049 892 1127 petitas

216 1129 365 1194 Alleroe
389 1132 517 1210 portabit
538 1149 644 1211 aquas,
670 1142 700 1191 ut
722 1140 843 1210 spargat
864 1133 892 1190 in
914 1130 1017 1190 oedem

216 1214 316 1291 lsidis,
340 1218 456 1295 antiquo
480 1233 554 1293 quae
577 1217 709 1294 proxima
732 1217 823 1292 surgit
845 1213 924 1275 ovili.

217 1296 317 1357 Credit
341 1301 415 1358 enim
439 1301 530 1379 ipsius
553 1300 685 1360 dominae
710 1318 743 1359 se
765 1316 841 1359 voce
863 1299 990 1358 moneri:
1154 1307 1207 1361 530

215 1382 259 1442 En
283 1384 402 1443 animam
425 1393 453 1443 et
476 1392 615 1460 mentem,
640 1402 703 1443 oum
726 1399 780 1461 qua
803 1383 831 1442 di
854 1391 941 1442 nocte
964 1381 1132 1461 loquantur!

217 1465 295 1542 Ergo
316 1466 364 1526 hio
387 1469 574 1546 praecipuum
597 1485 790 1545 summumque
812 1475 940 1526 meretur
960 1464 1113 1541 honorem,

217 1549 271 1623 Qui
294 1567 388 1628 grege
412 1551 534 1628 linigero
558 1552 748 1611 circumdatus
767 1559 795 1610 et
818 1567 912 1629 grege
935 1546 1019 1609 calvo

217 1633 382 1710 Plangentis
405 1635 506 1713 populi
530 1637 618 1695 currit
640 1635 755 1695 derisor
777 1634 897 1694 Anubis.

217 1715 270 1776 llle
293 1719 366 1794 petit
388 1720 517 1793 veniam,
542 1720 655 1796 quoties
677 1736 735 1777 non
758 1717 882 1778 abstinet
905 1735 979 1778 uxor
1154 1724 1207 1778 5³5

218 1796 380 1859 Concubitu
401 1802 494 1861 sacris
517 1801 765 1880 observandisque
792 1801 905 1877 diebus,

219 1878 379 1962 Magnaque
403 1884 525 1944 debetur
546 1885 654 1945 violato
679 1903 774 1964 poena
798 1885 935 1960 cadurco,

218 1965 254 2027 Et
276 1969 404 2028 movisse
428 1977 514 2047 caput
536 1970 599 2030 visa
623 1978 669 2028 est
689 1978 828 2048 argentea
851 1986 987 2047 serpens;

217 2050 296 2111 lllius
321 2051 456 2112 lacrimae
479 2053 672 2133 meditataque
695 2071 837 2114 murmura
854 2059 1014 2132 praestant,

218 2133 254 2195 Ut
277 2137 389 2196 veniam
412 2137 516 2215 culpae
540 2155 596 2197 non
620 2138 740 2214 abnuat,
769 2154 873 2197 ansere
896 2151 1001 2213 magno
1156 2143 1208 2196 540

218 2219 338 2280 Scilicet
360 2229 390 2279 et
411 2222 488 2280 tenui
511 2239 626 2300 popano
649 2231 818 2300 corruptus,
845 2218 947 2280 Osiris.

219 2303 311 2377 Quum
333 2303 411 2363 dedit
435 2304 485 2364 ille
508 2305 619 2364 locum:
648 2305 772 2384 cophino
797 2304 945 2382 ioenoque
968 2303 1084 2378 relicto,

219 2388 361 2447 Arcanum
383 2386 488 2447 ludaea
510 2396 636 2448 tremens
659 2389 803 2448 mendicat
824 2388 853 2446 in
874 2405 983 2462 aurern,

219 2471 366 2548 interpres
389 2471 486 2548 legum
509 2470 690 2547 Solymarum
715 2481 744 2531 et
766 2489 869 2550 magna
888 2469 1027 2532 sacerdos

220 2553 341 2613 Arboris
364 2571 400 2612 ac
424 2556 523 2614 summi
547 2555 604 2616 bda'
629 2557 800 2616 internuntia
824 2555 911 2615 coeli.
1156 2561 1207 2614 545

220 2636 324 2715 Implet
346 2645 375 2696 et
397 2637 447 2698 illa
470 2655 599 2715 manum,
621 2640 674 2700 sed
697 2640 827 2719 parcius;
850 2656 920 2698 aere
931 2640 1039 2698 minuto

219 2720 446 2797 Qualiacumque
467 2722 551 2782 voles
575 2721 673 2784 ludaei
693 2725 802 2784 somnia
825 2721 961 2783 vendunt.

219 2803 350 2882 Spondet
375 2815 530 2865 amatorem
555 2815 685 2867 tenerum
706 2808 754 2868 vel
778 2807 874 2869 divitis
896 2805 960 2867 orbi

220 2887 435 2948 Testamentum
456 2891 574 2967 ingens,
600 2892 710 2952 calidae
736 2892 872 2971 pulmone
895 2888 1047 2951 columbae

219 2971 371 3048 Tractuto,
395 2973 548 3035 Armenius
570 2975 617 3035 vel
643 2972 852 3052 Commagenus
877 2975 1040 3052 haruspex;
1155 2983 1207 3036 550

218 3055 343 3116 Pectora
366 3058 510 3136 pullorum
532 3058 694 3135 rimabitur,
717 3067 785 3118 exta
805 3057 914 3133 catelli,

219 3138 365 3200 Interdum
387 3152 417 3202 et
440 3144 537 3222 pueri;
562 3144 665 3217 laciet,
692 3143 770 3219 quod
792 3142 907 3202 deierat
931 3143 1005 3219 ipse.

220 3219 375 3284 Chaldaeis
397 3227 451 3286 sed
473 3227 564 3287 maior
586 3229 640 3284 erit
663 3226 782 3286 iiducia:
807 3224 942 3304 quidquid

221 3307 334 3368 Dixerit
356 3309 538 3386 astrologus,
567 3309 687 3369 credent
709 3329 724 3370 a
748 3310 828 3369 ionte
850 3309 971 3369 relatum

221 3390 399 3468 Hammonis,
424 3393 557 3471 quoniam
581 3393 703 3472 Delphis
727 3393 845 3453 oracula
867 3401 983 3453 cessant
1159 3401 1204 3454 555

221 3473 257 3533 Et
279 3493 372 3551 genus
393 3469 680 3536 humanum'damnat
702 3475 798 3553 caligo
822 3475 918 3535 futuri.
