2600 4006
497 227 623 276 suumn
645 229 678 277 V.

112 365 279 430 llibnsl—
295 367 445 446 Onnmmi‚
464 369 550 430 vobis
561 370 635 430 bunc
653 379 782 447 praestat
805 371 954 449 honorem,

111 454 175 512 Vos
200 454 270 512 estis
292 451 414 514 fratres!
449 453 579 512 dommus
601 462 697 512 tamen
719 461 748 512 et
770 454 876 515 domini
897 475 950 516 rex

112 538 144 598 Si
168 537 213 596 vis
235 545 265 595 tu
292 535 370 611 deri,
394 531 497 596 nullus
511 536 563 596 tibi
586 537 723 615 parvulus
746 538 812 599 aula
925 533 926 536 '

111 621 227 681 Luserit
253 619 370 680 Aeneas
394 638 451 679 nec
473 620 532 680 fllia
554 619 666 680 dulcior
689 621 757 680 illo:

111 704 269 765 Iucundum
294 713 323 764 et
346 721 442 763 carum
463 703 573 764 sterilis
594 705 664 764 iacit
686 722 760 764 uxor
781 706 911 766 amicum.

112 788 172 849 Sed
196 797 244 848 tua
266 806 342 847 nunc
360 785 477 864 lilpg'ale
499 789 592 866 pariat
614 787 684 848 licet
708 798 736 848 et
758 807 868 867 pueros
890 801 950 852 tres

110 872 144 932 ln
168 873 309 950 gremium
332 872 422 950 patris
445 872 544 932 fundat
567 873 667 931 simul:
693 874 759 951 ipse
781 873 899 952 loquaci

112 955 256 1033 Gaudebit
278 956 361 1030 nido,
385 955 506 1015 viridem
529 955 648 1015 thoraca
671 955 782 1017 iubebit

111 1040 220 1100 diferri
242 1041 430 1118 minimasque
452 1057 543 1100 nuces
567 1058 722 1119 assemque
744 1051 889 1119 rogatum,

110 1125 158 1184 Ad
179 1141 306 1184 mensam
329 1125 444 1202 quoties
467 1125 748 1202 parasitus'venerit
769 1125 920 1186 inians.-

110 1207 226 1268 Vilibus
249 1210 391 1286 ancipites
413 1209 493 1284 iungi
515 1218 659 1286 ponentur
682 1210 791 1285 amicis,

110 1292 232 1352 Boletus
254 1292 386 1360 domino;
411 1290 461 1351 sed
485 1292 588 1370 quales
612 1290 749 1373 Claudius
774 1293 833 1354 edit

111 1377 188 1435 Ante
210 1375 290 1436 illum
312 1376 428 1452 uxoris,
456 1385 523 1454 post
548 1394 633 1455 quem
654 1376 693 1436 nil
717 1377 839 1455 amplius
862 1378 930 1438 edit.

109 1460 198 1519 Virro
220 1459 275 1520 sibi
297 1469 326 1520 et
348 1459 470 1538 reliquis
490 1460 662 1520 Virronibus
685 1460 735 1520 illa
756 1460 867 1521 iubebit

110 1545 198 1604 Poma
222 1544 300 1620 dari,
323 1545 445 1624 quorum
466 1544 532 1605 solo
554 1545 685 1622 pascaris
709 1545 816 1614 odore;

110 1628 216 1701 Qualia
238 1638 398 1708 perpetuus
423 1628 586 1689 Phaeacum
609 1638 758 1688 autumnus
782 1629 918 1706 babebat,

110 1711 242 1772 Credere
267 1730 342 1791 quae
362 1713 459 1791 possis
476 1715 616 1792 subrepta
638 1713 788 1772 sororibus
810 1713 906 1774 Afris:

110 1796 154 1856 Tu
177 1795 279 1856 scabie
300 1798 406 1858 frueris
428 1797 612 1876 ma1i‚;quod
630 1799 658 1857 in
681 1814 792 1875 aggere
815 1798 902 1868 rodit,
1013 1843 1015 1847 a

110 1879 167 1954 Qui
189 1881 298 1958 tegitur
317 1899 415 1959 parma
437 1889 466 1940 ct
486 1881 574 1958 'galea
595 1890 786 1960 metuensque
811 1881 922 1958 flagelli

109 1964 205 2025 Discit
227 1964 263 2024 ab
281 1965 392 2024 hirsuta
416 1965 539 2025 iaculum
562 1975 701 2044 torquere
727 1965 851 2044 capella.
985 2039 986 2042 Ἴ

108 2048 244 2109 Forsitan
264 2050 413 2128 impensae
435 2048 588 2109 Virronem
610 2067 735 2127 parcere
757 2046 883 2109 credas?

108 2132 172 2193 Hoc
196 2133 273 2210 agit,
299 2143 331 2193 ut
352 2132 468 2201 doleam
494 2147 559 2192 nam
581 2150 656 2212 quae
679 2133 846 2209 comoedia,
871 2133 984 2210 mimus¹

109 2216 308 2290 Quis-melior
331 2217 466 2295 plorante
486 2215 575 2294 gula?
600 2233 672 2294 ergo
695 2219 789 2276 omnia
813 2217 892 2292 liunt,

63 2303 65 2310 ’
108 2302 276 2378 sinemus,
304 2310 335 2361 ut
357 2319 413 2379 per
434 2301 568 2360 lacrimas
592 2300 742 2360 effundere
763 2301 851 2361 bilem
949 2355 951 2358 .

109 2384 234 2463 Cogeris
255 2402 420 2464 pressoque
444 2385 490 2444 diu
513 2384 636 2444 stridere
649 2385 770 2445 ¹molari.
1049 2392 1099 2446 160

108 2469 152 2528 l'n
176 2467 228 2528 tibi
248 2469 325 2530 liber
346 2469 433 2528 bomo
459 2477 488 2527 et
508 2471 588 2545 regis
610 2471 732 2530 conviva
754 2470 879 2530 videris:

108 2551 234 2631 Captum
257 2563 287 2613 te
308 2553 411 2613 nidore
434 2569 503 2612 suae
528 2560 608 2630 putat
630 2552 681 2612 ille
704 2553 817 2614 culinae
843 2555 844 2560 ’

106 2637 171 2696 Neo
194 2637 270 2696 male
294 2640 453 2705 conlectam
502 2638 567 2716 quis
591 2637 666 2696 enim
686 2645 742 2697 tam
762 2639 872 2713 nudus,
898 2637 1029 2697 utillum

105 2721 155 2781 Bis
177 2721 270 2796 ierat,
296 2721 451 2781 Etruscum
473 2722 613 2799 puerosi
635 2722 758 2798 contigit
779 2741 878 2782 aurum

106 2804 163 2864 Vel
185 2803 280 2864 nodus
304 2814 411 2865 tantum
435 2814 463 2864 et
486 2806 597 2882 signum
620 2805 657 2864 de
679 2823 809 2884 paupere
832 2803 919 2866 loro?
1048 2812 1099 2865 165

106 2891 183 2968 Spes
208 2888 285 2948 bene
307 2889 448 2949 coenandi
470 2905 523 2948 vos
547 2888 670 2967 decipit:
697 2907 769 2948 ecce
790 2889 869 2949 dubit
891 2891 946 2948 iam

107 2975 260 3034 Semesum
284 2972 417 3051 leporem
441 2981 527 3050 atque
552 2972 659 3051 aliquid
684 2972 720 3032 de
744 2972 876 3032 clunibus
897 2973 970 3051 apri,

107 3057 153 3117 Ad
177 3075 232 3117 nos
257 3058 313 3117 iam
338 3058 437 3116 veniet
458 3058 551 3115 minor
575 3056 675 3124 altilis3
698 3056 766 3116 inde
788 3066 889 3135 parato
963 3127 969 3141 ι

105 3139 279 3220 Intactoque
301 3158 402 3201 omnes
424 3149 453 3199 et
473 3141 574 3199 stricto
597 3157 673 3218 pane
690 3142 804 3200 tacetis.

105 3224 161 3285 Ille
183 3226 277 3303 sapit,
303 3228 352 3305 qni
375 3235 405 3284 tc
428 3225 472 3283 sic
497 3225 604 3285 utitur:
644 3225 740 3284 omnia
760 3226 840 3285 ferre
1047 3227 1097 3282 rto

106 3311 138 3369 Si
152 3317 253 3386 potes,
280 3320 308 3370 et
334 3309 446 3370 debes:
469 3307 639 3386 pulsandum
662 3308 775 3369 vertice
796 3327 863 3368 raso

105 3393 267 3454 Praebebis
289 3395 464 3474 quandoque
487 3401 574 3470 caput
592 3409 648 3451 neo
671 3392 742 3452 dura
763 3393 878 3454 timebis
995 3382 998 3389 ’

39 3507 45 3516 ·
104 3476 212 3555 Flagra
237 3480 314 3556 pati,
339 3478 383 3538 his
407 3475 501 3554 epulis
526 3485 554 3535 et
577 3475 628 3536 tali
652 3476 754 3553 dignus
778 3477 885 3537 amico!
