2626 4006
468 266 594 314 saulieu
617 269 674 316 XV.

133 411 166 468 Si
191 408 290 465 vivunt
313 402 435 465 omnes?
458 423 531 482 ergo
553 408 649 466 acrior
671 407 813 485 impetus,
838 416 867 468 et
890 410 944 468 iam

133 493 211 552 Saxa
232 489 376 548 inclinatis
401 507 455 567 per
477 489 590 548 humum
613 492 743 567 quaesita
764 491 883 551 lacertis

131 575 277 652 Incipiunt
299 581 456 650 torquere,
479 572 638 632 domestica
660 574 795 634 seditioni

133 657 224 734 Tela,
248 674 303 716 nec
324 655 400 716 bunc
422 657 562 735 lapidem,
587 657 689 735 quales
712 667 741 717 et
762 658 875 719 l'urnus
900 667 929 718 et
951 658 1036 735 Aiax,
1086 669 1120 724 ot

136 742 190 802 Vel
213 757 271 820 quo
294 739 423 814 Tydides
445 742 589 818 percussit
611 741 742 819 pondere
764 759 867 802 coxam
958 745 968 772 ³

133 826 270 900 Aeneae,
296 824 350 884 sed
371 842 455 903 quem
476 824 594 884 valeant
615 827 747 886 emittere
772 827 893 886 dextrae
968 885 970 890 .

132 909 195 969 lllis
219 907 374 968 dissimiles
398 917 427 967 et
449 917 550 967 nostro
571 918 705 988 tempore
727 919 821 978 natae.

132 991 206 1053 Nam
227 1009 319 1069 genus
343 991 400 1052 boc
421 993 488 1051 vivo
510 993 566 1052 iam
588 992 781 1054 decrescebat
802 993 942 1060 Homero;

133 1075 227 1136 'l'erra
245 1074 338 1136 malos
360 1076 491 1135 homines
513 1094 589 1136 nunc
615 1077 720 1138 educat
745 1086 831 1156 atque
854 1076 988 1156 pusillos.
1087 1085 1121 1139 70

133 1159 216 1237 Ergo
243 1159 331 1234 deus,
356 1161 528 1238 quicumque
554 1161 684 1238 aspexit,
710 1161 786 1220 ridet
809 1169 838 1220 et
861 1160 930 1220 odit.

177 1242 407 1303 Alevernacum
431 1251 581 1321 repetatur
602 1243 709 1304 labnla.
746 1243 910 1323 Postquam,

134 1327 277 1387 Subsidiis
299 1329 392 1402 aucti,
416 1345 484 1406 pars
506 1327 598 1387 altera
620 1345 756 1406 promere
778 1329 887 1388 ferrum

134 1411 232 1470 Audet
254 1419 283 1470 et
306 1411 418 1470 infestis
441 1428 566 1490 pugnam
587 1412 748 1472 instaurare
773 1413 901 1488 sagittis:

134 1495 232 1572 Terga
256 1494 325 1570 luga
349 1494 440 1554 celeri
463 1502 628 1572 praestant,
653 1495 824 1554 instantibus
848 1493 956 1570 Ombis,
1086 1505 1120 1559 75

134 1578 192 1652 Qui
213 1579 306 1637 vicina
334 1578 433 1638 colunt
454 1577 609 1638 umbrosae
631 1577 757 1654 Tentyra
780 1579 918 1658 palmae..

131 1660 252 1724 Labitur
277 1661 343 1722 hinc
370 1661 499 1739 quidam,
528 1663 612 1722 nimia
633 1662 786 1724 tormidine
813 1681 930 1722 cursum·

134 1745 364 1823 Praecipitans,¹
379 1747 564 1824 capiturque;
591 1755 637 1806 ast
661 1746 792 1806 illumin
815 1746 937 1825 plurima
960 1756 1070 1808 sectum

132 1828 237 1888 Frusta
263 1838 293 1889 et
313 1829 486 1907 particulas,
508 1838 539 1889 ut
564 1830 660 1890 multis
681 1841 809 1890 mortuus
831 1849 903 1890 unus

134 1913 308 1988 Sufficeret,
332 1921 422 1971 totum
445 1915 574 1972 corrosis
596 1913 711 1974 ossibus
739 1915 798 1974 edit
1085 1925 1120 1978 80

136 1998 248 2056 Victrix
271 1995 371 2072 turba,
394 2013 450 2055 nec
472 1997 582 2056 ardenti
608 1997 725 2056 decoxit
747 2016 822 2058 aeno

135 2081 194 2140 Aut
215 2079 348 2150 veribus;
372 2078 490 2157 longum
512 2081 698 2158 usqueadeo
720 2081 889 2159 tardumque
912 2084 1022 2158 putavit

136 2164 319 2242 Exspectare
342 2163 444 2238 iocos,
470 2171 605 2223 contenta
628 2165 772 2225 cadavere
794 2163 893 2224 crudo.

133 2248 189 2309 Hic
209 2249 339 2324 gaudere
361 2247 450 2322 libet,
474 2247 552 2326 quod
574 2263 631 2306 non
654 2246 808 2308 uiolauerit
829 2249 935 2325 ignem,

136 2332 229 2406 Quem
251 2348 360 2391 summa
386 2331 462 2391 coeli
484 2339 604 2409 raptum
619 2332 656 2391 de
678 2342 761 2410 parte
784 2332 972 2392 Prometheus
1084 2343 1119 2397 85

133 2417 261 2476 Donavit
282 2417 383 2483 terris;
408 2414 565 2494 [elemento
589 2415 721 2492 gratulor
744 2424 823 2476 etta

134 2499 291 2560 Exsultare
313 2499 406 2578 reon]
444 2499 503 2559 Sed
526 2500 728 2577 qui'mordere
751 2499 876 2562 cadaver

135 2583 291 2657 Sustinuit,
315 2582 355 2642 nil
376 2600 508 2661 umquam
530 2582 585 2643 hac
607 2602 694 2643 carne
717 2583 854 2645 libentius
878 2584 950 2653 edit;

133 2666 208 2727 Nam
229 2664 347 2727 scelere
368 2668 397 2726 in
418 2675 498 2727 tanto
521 2685 558 2726 ne
577 2686 700 2747 quaeras
724 2677 753 2727 et
775 2667 889 2728 dubites
911 2685 946 2727 an

134 2752 229 2811 Prima
248 2750 426 2829 voluptatem
447 2750 515 2828 gula
534 2753 673 2820 senserit;
698 2751 812 2811 ultimus
835 2761 932 2812 autem
1086 2761 1120 2815 90

135 2833 193 2908 Qui
214 2835 309 2911 stetit,
332 2833 484 2913 absumpto
508 2836 563 2894 iam
585 2844 648 2895 toto
671 2851 815 2912 corpore,
838 2835 931 2894 ductis

135 2919 193 2978 Per
218 2925 324 2978 terram
350 2917 447 2996 digitis
469 2918 576 2997 aliquid
599 2919 636 2978 de
661 2921 801 2999 sanguine
822 2927 928 2995 gustat.

133 3002 304 3080 Vascones,
327 3002 401 3063 haec
424 3002 499 3063 lama
523 3013 586 3078 est,
613 3002 756 3062 alimentis
780 3001 884 3061 talibus
911 3002 979 3060 olim

134 3085 305 3147 Produxere
328 3089 450 3147 animas:
472 3087 531 3147 sed
554 3104 603 3145 res
623 3085 754 3159 diversa,
778 3087 831 3147 sed
857 3086 918 3146 illic

134 3169 282 3230 Fortunae
306 3170 411 3231 invidia
434 3179 479 3230 est
498 3169 700 3247 bellorumque
725 3169 839 3247 ultima,
866 3187 950 3230 casus
1085 3178 1119 3233 95

135 3253 283 3329 Extremi,
308 3254 416 3332 longae
440 3255 501 3315 dira
528 3255 686 3314 obsidionis
709 3262 837 3331 egestas.

134 3337 225 3398 lluins
246 3339 336 3415 enim,
360 3338 438 3418 quod
461 3357 537 3413 nunc
558 3339 668 3415 agitur,
690 3337 856 3397 miserabile
879 3337 967 3397 debet

135 3420 309 3500 Exemplum
332 3440 399 3482 esse
422 3422 496 3499 cibi,
519 3423 594 3482 sicut
618 3423 704 3482 modo
731 3421 807 3482 dicta
830 3421 897 3482 mihi
918 3439 992 3498 gens

135 3505 205 3566 Post
231 3520 331 3565 omnes
356 3504 480 3585 herbas,
502 3516 571 3588 post
592 3515 695 3566 cuncta
717 3506 864 3583 animalia,
888 3503 1025 3586 quidquid
