2626 4006
519 248 644 297 saulus
665 249 710 296 VI.

119 388 298 466 Praecipuus
321 395 416 445 tamen
440 395 485 446 est
507 386 623 464 borum,
648 391 695 466 qui
716 389 835 466 saepius
856 390 935 467 exul,

121 469 223 551 [Cuius
247 470 370 530 amicitia
397 470 643 549 conducendaque
667 471 774 532 tabella

118 554 240 632 Magnus
263 554 334 613 civis
358 552 419 616 obit
441 562 470 614 et
492 554 659 616 formidatus
684 553 813 632 Othoni}

118 638 188 697 lnde
211 637 284 697 tides
308 638 395 711 artis,
420 638 516 697 sonuit
539 641 563 697 si
586 639 707 698 dextera
729 638 809 698 ferro
1057 651 1108 706 560

117 721 290 799 Laetaque,
313 721 337 779 si
359 721 448 797 longo
471 731 631 782 castrorum
653 725 681 781 in
705 739 826 782 carcere
848 724 960 782 mansit.

118 804 211 864 Nemo
235 803 452 864 mathematicus
475 807 591 881 genium
616 805 794 865 indemnatus
813 804 948 865 habebit:

118 888 179 948 Sed
200 889 249 967 qui
271 905 364 966 paene
390 889 482 967 perit,
505 891 549 948 cui
572 889 620 947 vix
641 891 670 948 in
695 887 823 964 Cyclada
847 891 919 948 mitti

119 969 248 1048 Contigit
271 981 300 1031 et
321 989 410 1050 parva
433 971 546 1032 taudem
568 974 697 1032 caruisse
720 971 855 1050 Seripho,

118 1053 251 1116 Consulit
274 1056 413 1116 ictericae
434 1056 513 1115 lento
537 1056 573 1116 de
597 1056 698 1116 iuuere
721 1057 829 1132 matris,
1056 1067 1106 1121 565

118 1139 194 1198 Ante
216 1147 311 1198 tamen
334 1140 370 1199 de
393 1149 422 1199 te
445 1137 585 1218 Tanaquil
608 1150 672 1217 tua,
697 1140 810 1220 quaudo
837 1156 969 1198 sororem

117 1222 230 1282 Etierat
253 1231 281 1281 et
306 1231 440 1301 patruos,
464 1241 500 1283 an
522 1226 559 1284 sit
581 1225 709 1284 victurus
733 1222 848 1284 adulter

116 1305 188 1365 Post
208 1306 315 1383 ipsam;
340 1307 407 1385 quid
428 1308 502 1366 enim
525 1310 615 1368 maius
639 1309 709 1368 dare
730 1307 842 1366 numina
865 1304 1008 1385 possunt?

159 1389 241 1449 Haec
261 1398 357 1450 tamen
378 1393 509 1468 ignorat,
534 1392 601 1468 quid
625 1393 704 1451 sidus
727 1391 808 1450 triste
832 1391 954 1450 minetur

116 1473 249 1549 Saturni,
274 1490 331 1552 quo
354 1474 430 1534 laeta
451 1474 550 1534 Venus
573 1493 606 1534 se
629 1475 759 1553 prolerat
781 1482 872 1549 astro,
1054 1485 1106 1540 570

116 1558 172 1630 Qui
195 1559 302 1616 mensis
327 1558 451 1635 damnis,
477 1577 550 1636 quae
574 1560 676 1619 dentur
698 1568 829 1637 tempora
852 1557 950 1623 lucro;

115 1640 197 1700 lllius
221 1658 362 1700 occursus
388 1643 473 1702 etiam
494 1644 587 1702 vitare
612 1650 766 1717 memento,

116 1724 148 1782 ln
172 1727 253 1784 cuius
277 1724 405 1785 manibus
429 1728 483 1786 ce'u
506 1728 623 1805 pinguia
646 1729 764 1786 succina
786 1725 867 1783 tritas

117 1806 219 1868 Cernis
242 1808 462 1887 ephemeridas,
488 1828 561 1889 quae
585 1811 693 1871 nullum
716 1809 840 1870 consulit
865 1816 893 1866 et
917 1811 971 1868 iam

117 1889 298 1968 consulitur,
326 1912 401 1970 quae
424 1903 518 1954 castra
541 1896 604 1954 viro
628 1896 806 1973 patriamque
831 1900 949 1969 petente
1052 1903 1112 1958 575

115 1974 180 2035 Non
203 1975 255 2035 ibit
279 1978 404 2054 pariter,
432 1979 558 2038 numeris
580 1987 719 2038 revocata
743 1974 897 2050 Thrasylli.

115 2059 160 2119 Ad
184 2060 306 2138 primum
327 2061 454 2140 lapidem
475 2063 586 2122 vectari
608 2080 692 2140 quum
715 2061 830 2139 placet,
855 2057 927 2118 hora

115 2144 241 2202 Sumitur
267 2162 305 2203 ex
326 2143 416 2213 libro;
441 2146 465 2204 si
488 2146 580 2224 prurit
599 2146 699 2204 frictus
723 2143 812 2203 ocelli

115 2226 263 2304 Angulus,
286 2229 418 2307 inspecta
440 2231 543 2306 genesi
567 2229 688 2304 collyria
710 2229 815 2306 poscit.

115 2310 214 2386 Aegra
236 2311 305 2371 licet
328 2314 438 2389 iaceat,
467 2313 609 2391 capiendo
631 2312 709 2372 nulla
730 2311 844 2371 videtur
1053 2322 1105 2374 580

114 2394 220 2472 Aptior
245 2393 316 2456 hora
342 2395 423 2472 cibo,
448 2398 503 2456 nisi
525 2414 609 2474 quam
634 2396 747 2456 dederit
772 2394 921 2454 Petosiris.

113 2479 143 2537 st
166 2478 324 2538 mediocris
347 2480 420 2554 erit,
444 2482 567 2559 spatium
589 2480 720 2541 lustrabit
741 2480 883 2556 utrimque

113 2559 254 2622 hletarum
278 2573 307 2622 et
332 2572 427 2623 sortes
451 2564 537 2624 ducet
560 2565 743 2642 lroutemque
764 2579 936 2640 manumque

113 2644 270 2705 Praebebit
291 2649 348 2707 vati
371 2648 505 2707 crebrum
528 2666 690 2726 poppysma
712 2647 836 2724 roganti.

114 2727 257 2788 Divitibus
282 2747 426 2808 responsa
450 2731 556 2792 dabunt
578 2731 674 2808 Phryx
697 2750 787 2809 augur
810 2739 838 2788 et
860 2727 958 2804 ludus,
1052 2739 1104 2793 585

114 2809 282 2872 conductus
307 2813 385 2874 dabit
409 2823 549 2875 astrorum
572 2816 724 2893 mundique
746 2815 867 2891 peritus,

113 2895 209 2974 Atque
234 2894 339 2975 aliquis
361 2899 476 2973 senior,
501 2900 549 2977 qui
574 2899 690 2976 publica
713 2897 828 2973 fulgura
850 2894 962 2953 condit:
981 2946 984 2951 .

113 2977 263 3039 Plebeium
282 2981 310 3040 in
334 2981 414 3040 circo
438 2982 561 3061 positum
584 2992 628 3041 est
649 2991 678 3040 et
700 2981 727 3038 in
749 2995 860 3056 aggere
884 2977 982 3036 latum.

114 3061 194 3133 Quae
218 3063 300 3122 nudis
322 3063 439 3141 longum
462 3066 588 3125 ostendit
609 3063 774 3123 cervicibus
797 3079 915 3136 armum,

114 3143 247 3207 Consulit
270 3157 335 3207 ante
357 3148 430 3208 falas
454 3149 711 3228 delphinorumque
736 3147 895 3220 columnas,
1052 3157 1103 3210 590

113 3228 157 3287 An
180 3248 251 3307 saga
274 3232 410 3292 vendenti
435 3232 537 3309 nubat,
562 3248 694 3310 caupone
719 3231 836 3290 relicto.

153 3311 216 3372 llae
239 3323 335 3374 tamen
358 3324 387 3374 et
411 3326 508 3394 partus
533 3315 657 3376 subeunt
681 3315 837 3375 discrimen
860 3321 888 3372 et
911 3329 1010 3372 omnes

116 3393 241 3456 Nutricis
266 3398 391 3458 tolerant
410 3399 525 3460 fortuna
547 3408 669 3476 urgente
688 3397 824 3463 labores:

115 3477 172 3539 Sed
194 3480 271 3541 iacet
293 3491 392 3542 aurato
418 3484 467 3542 vix
490 3483 547 3544 ulla
570 3501 717 3563 puerpera
740 3479 829 3542 lecto.
