<?xml version="1.0" encoding="UTF-8"?>
<!DOCTYPE html PUBLIC "-//W3C//DTD XHTML 1.0 Transitional//EN"
    "http://www.w3.org/TR/xhtml1/DTD/xhtml1-transitional.dtd">
<html xmlns="http://www.w3.org/1999/xhtml" xml:lang="en" lang="en">
 <head>
  <title>
</title>
<meta http-equiv="Content-Type" content="text/html;charset=utf-8" />
  <meta name='ocr-system' content='tesseract 3.04.00' />
  <meta name='ocr-capabilities' content='ocr_page ocr_carea ocr_par ocr_line ocrx_word'/>
</head>
<body>
  <div class='ocr_page' id='page_1' title='image "./satirarumlibriq03juvegoog_0049.png"; bbox 0 0 2600 4006; ppageno 0'>
   <div class='ocr_carea' id='block_1_1' title="bbox 548 249 884 298">
    <p class='ocr_par' dir='ltr' id='par_1_1' title="bbox 548 249 884 298">
     <span class='ocr_line' id='line_1_1' title="bbox 548 249 884 298; baseline 0 0"><span class='ocrx_word' id='word_1_1' title='bbox 548 253 583 298; x_wconf 87' lang='lat' dir='ltr'><strong>D.</strong></span> <span class='ocrx_word' id='word_1_2' title='bbox 605 251 676 298; x_wconf 77' lang='lat' dir='ltr'><strong>lunt.</strong></span> <span class='ocrx_word' id='word_1_3' title='bbox 699 249 884 298; x_wconf 81' lang='lat' dir='ltr'><strong>IUVENALIS</strong></span> 
     </span>
    </p>
   </div>
   <div class='ocr_carea' id='block_1_2' title="bbox 556 484 933 551">
    <p class='ocr_par' dir='ltr' id='par_1_2' title="bbox 556 484 933 551">
     <span class='ocr_line' id='line_1_2' title="bbox 556 484 933 551; baseline -0.029 -1"><span class='ocrx_word' id='word_1_4' title='bbox 556 484 791 551; x_wconf 84' lang='lat' dir='ltr'><strong>SATIRA</strong></span> <span class='ocrx_word' id='word_1_5' title='bbox 831 484 877 548; x_wconf 91' lang='lat'><strong>11.</strong></span> <span class='ocrx_word' id='word_1_6' title='bbox 932 536 933 539; x_wconf 74' lang='grc'>,</span> 
     </span>
    </p>
   </div>
   <div class='ocr_carea' id='block_1_3' title="bbox 221 600 1213 3056">
    <p class='ocr_par' dir='ltr' id='par_1_3' title="bbox 225 600 1051 796">
     <span class='ocr_line' id='line_1_3' title="bbox 226 600 1051 708; baseline -0.011 -10"><span class='ocrx_word' id='word_1_7' title='bbox 226 600 311 698; x_wconf 75' lang='lat' dir='ltr'><strong>Ultra</strong></span> <span class='ocrx_word' id='word_1_8' title='bbox 331 634 516 692; x_wconf 75' lang='lat' dir='ltr'><strong>Sauromatas</strong></span> <span class='ocrx_word' id='word_1_9' title='bbox 537 629 641 706; x_wconf 87' lang='lat' dir='ltr'><strong>lugere</strong></span> <span class='ocrx_word' id='word_1_10' title='bbox 664 631 730 690; x_wconf 89' lang='lat' dir='ltr'><strong>hinc</strong></span> <span class='ocrx_word' id='word_1_11' title='bbox 752 631 824 691; x_wconf 91' lang='lat' dir='ltr'><strong>libet</strong></span> <span class='ocrx_word' id='word_1_12' title='bbox 846 640 875 690; x_wconf 92' lang='lat' dir='ltr'><strong>et</strong></span> <span class='ocrx_word' id='word_1_13' title='bbox 896 628 1051 708; x_wconf 78' lang='lat' dir='ltr'><strong>glacialem</strong></span> 
     </span>
     <span class='ocr_line' id='line_1_4' title="bbox 225 715 1006 796; baseline -0.008 -17"><span class='ocrx_word' id='word_1_14' title='bbox 225 719 389 794; x_wconf 81' lang='lat' dir='ltr'><strong>Oceanum,</strong></span> <span class='ocrx_word' id='word_1_15' title='bbox 411 717 525 796; x_wconf 87' lang='lat' dir='ltr'><strong>quoties</strong></span> <span class='ocrx_word' id='word_1_16' title='bbox 547 715 656 794; x_wconf 88' lang='lat' dir='ltr'><strong>aliquid</strong></span> <span class='ocrx_word' id='word_1_17' title='bbox 677 716 713 777; x_wconf 90' lang='lat' dir='ltr'><strong>de</strong></span> <span class='ocrx_word' id='word_1_18' title='bbox 732 716 861 775; x_wconf 93' lang='lat' dir='ltr'><strong>moribus</strong></span> <span class='ocrx_word' id='word_1_19' title='bbox 879 716 1006 790; x_wconf 90' lang='lat' dir='ltr'><strong>audent,</strong></span> 
     </span>
    </p>

    <p class='ocr_par' dir='ltr' id='par_1_4' title="bbox 225 798 950 878">
     <span class='ocr_line' id='line_1_5' title="bbox 225 798 950 878; baseline -0.006 -17"><span class='ocrx_word' id='word_1_20' title='bbox 225 803 281 878; x_wconf 81' lang='lat' dir='ltr'><strong>Qui</strong></span> <span class='ocrx_word' id='word_1_21' title='bbox 301 800 404 861; x_wconf 90' lang='lat' dir='ltr'><strong>Curios</strong></span> <span class='ocrx_word' id='word_1_22' title='bbox 426 798 558 860; x_wconf 87' lang='lat' dir='ltr'><strong>simulant</strong></span> <span class='ocrx_word' id='word_1_23' title='bbox 581 809 610 858; x_wconf 89' lang='lat' dir='ltr'><strong>et</strong></span> <span class='ocrx_word' id='word_1_24' title='bbox 630 799 821 861; x_wconf 78' lang='lat' dir='ltr'><strong>Bacchanalia</strong></span> <span class='ocrx_word' id='word_1_25' title='bbox 842 800 950 859; x_wconf 90' lang='lat' dir='ltr'><strong>vivunt.</strong></span> 
     </span>
    </p>

    <p class='ocr_par' dir='ltr' id='par_1_5' title="bbox 223 884 1029 964">
     <span class='ocr_line' id='line_1_6' title="bbox 223 884 1029 964; baseline -0.007 -17"><span class='ocrx_word' id='word_1_26' title='bbox 223 886 335 948; x_wconf 90' lang='lat' dir='ltr'><strong>Indocti</strong></span> <span class='ocrx_word' id='word_1_27' title='bbox 358 886 492 964; x_wconf 89' lang='lat' dir='ltr'><strong>primum;</strong></span> <span class='ocrx_word' id='word_1_28' title='bbox 516 902 687 963; x_wconf 84' lang='lat' dir='ltr'><strong>quamquam</strong></span> <span class='ocrx_word' id='word_1_29' title='bbox 709 884 797 962; x_wconf 90' lang='lat' dir='ltr'><strong>plena</strong></span> <span class='ocrx_word' id='word_1_30' title='bbox 818 885 912 943; x_wconf 88' lang='lat' dir='ltr'><strong>omnia</strong></span> <span class='ocrx_word' id='word_1_31' title='bbox 933 900 1029 962; x_wconf 74' lang='lat' dir='ltr'><strong>gypso</strong></span> 
     </span>
    </p>

    <p class='ocr_par' dir='ltr' id='par_1_6' title="bbox 225 967 1213 1133">
     <span class='ocr_line' id='line_1_7' title="bbox 225 967 1213 1047; baseline -0.005 -17"><span class='ocrx_word' id='word_1_32' title='bbox 225 969 382 1047; x_wconf 76' lang='lat' dir='ltr'><strong>Chrysippi</strong></span> <span class='ocrx_word' id='word_1_33' title='bbox 405 969 548 1035; x_wconf 69' lang='lat' dir='ltr'><strong>inveniam</strong></span> <span class='ocrx_word' id='word_1_34' title='bbox 569 986 634 1027; x_wconf 92' lang='lat' dir='ltr'><strong>nam</strong></span> <span class='ocrx_word' id='word_1_35' title='bbox 652 967 882 1045; x_wconf 80' lang='lat' dir='ltr'><strong>perfectissimus</strong></span> <span class='ocrx_word' id='word_1_36' title='bbox 904 967 1006 1027; x_wconf 91' lang='lat' dir='ltr'><strong>horum</strong></span> <span class='ocrx_word' id='word_1_37' title='bbox 1025 977 1086 1044; x_wconf 90' lang='lat' dir='ltr'><strong>est,</strong></span> <span class='ocrx_word' id='word_1_38' title='bbox 1196 983 1213 1034; x_wconf 82' lang='lat'><strong>5</strong></span> 
     </span>
     <span class='ocr_line' id='line_1_8' title="bbox 225 1049 1016 1133; baseline -0.006 -19"><span class='ocrx_word' id='word_1_39' title='bbox 225 1055 337 1133; x_wconf 87' lang='lat' dir='ltr'><strong>Siquis</strong></span> <span class='ocrx_word' id='word_1_40' title='bbox 359 1050 540 1110; x_wconf 77' lang='lat' dir='ltr'><strong>Aristotelen</strong></span> <span class='ocrx_word' id='word_1_41' title='bbox 569 1050 691 1110; x_wconf 79' lang='lat' dir='ltr'><strong>similem</strong></span> <span class='ocrx_word' id='word_1_42' title='bbox 711 1050 760 1110; x_wconf 83' lang='lat' dir='ltr'><strong>vel</strong></span> <span class='ocrx_word' id='word_1_43' title='bbox 782 1049 912 1111; x_wconf 87' lang='lat' dir='ltr'><strong>Pittacon</strong></span> <span class='ocrx_word' id='word_1_44' title='bbox 935 1051 1016 1126; x_wconf 91' lang='lat' dir='ltr'><strong>emit,</strong></span> 
     </span>
    </p>

    <p class='ocr_par' dir='ltr' id='par_1_7' title="bbox 224 1131 1036 1213">
     <span class='ocr_line' id='line_1_9' title="bbox 224 1131 1036 1213; baseline -0.006 -16"><span class='ocrx_word' id='word_1_45' title='bbox 224 1136 262 1197; x_wconf 83' lang='lat' dir='ltr'><strong>Et</strong></span> <span class='ocrx_word' id='word_1_46' title='bbox 280 1136 360 1196; x_wconf 89' lang='lat' dir='ltr'><strong>iubet</strong></span> <span class='ocrx_word' id='word_1_47' title='bbox 381 1136 558 1213; x_wconf 76' lang='lat' dir='ltr'><strong>archetypos</strong></span> <span class='ocrx_word' id='word_1_48' title='bbox 580 1135 707 1213; x_wconf 89' lang='lat' dir='ltr'><strong>pluteum</strong></span> <span class='ocrx_word' id='word_1_49' title='bbox 729 1152 848 1195; x_wconf 90' lang='lat' dir='ltr'><strong>servare</strong></span> <span class='ocrx_word' id='word_1_50' title='bbox 871 1131 1036 1194; x_wconf 77' lang='lat' dir='ltr'><strong>Cleanthas.</strong></span> 
     </span>
    </p>

    <p class='ocr_par' dir='ltr' id='par_1_8' title="bbox 225 1217 1092 1383">
     <span class='ocr_line' id='line_1_10' title="bbox 225 1217 1092 1298; baseline -0.003 -17"><span class='ocrx_word' id='word_1_51' title='bbox 225 1219 340 1281; x_wconf 84' lang='lat' dir='ltr'><strong>Frontis</strong></span> <span class='ocrx_word' id='word_1_52' title='bbox 363 1218 441 1280; x_wconf 90' lang='lat' dir='ltr'><strong>nulla</strong></span> <span class='ocrx_word' id='word_1_53' title='bbox 460 1218 550 1286; x_wconf 88' lang='lat' dir='ltr'><strong>lides;</strong></span> <span class='ocrx_word' id='word_1_54' title='bbox 571 1220 636 1298; x_wconf 83' lang='lat' dir='ltr'><strong>quis</strong></span> <span class='ocrx_word' id='word_1_55' title='bbox 657 1219 733 1278; x_wconf 90' lang='lat' dir='ltr'><strong>enim</strong></span> <span class='ocrx_word' id='word_1_56' title='bbox 752 1236 810 1278; x_wconf 90' lang='lat' dir='ltr'><strong>non</strong></span> <span class='ocrx_word' id='word_1_57' title='bbox 831 1219 913 1279; x_wconf 84' lang='lat' dir='ltr'><strong>vicus</strong></span> <span class='ocrx_word' id='word_1_58' title='bbox 934 1217 1063 1278; x_wconf 89' lang='lat' dir='ltr'><strong>abundat</strong></span> <span class='ocrx_word' id='word_1_59' title='bbox 1086 1224 1092 1234; x_wconf 63' lang='lat'>‘</span> 
     </span>
     <span class='ocr_line' id='line_1_11' title="bbox 225 1299 1004 1383; baseline -0.004 -19"><span class='ocrx_word' id='word_1_60' title='bbox 225 1304 366 1364; x_wconf 83' lang='lat' dir='ltr'><strong>Tristibus</strong></span> <span class='ocrx_word' id='word_1_61' title='bbox 388 1299 548 1363; x_wconf 81' lang='lat' dir='ltr'><strong>obscenis?</strong></span> <span class='ocrx_word' id='word_1_62' title='bbox 577 1303 702 1380; x_wconf 83' lang='lat' dir='ltr'><strong>castigas</strong></span> <span class='ocrx_word' id='word_1_63' title='bbox 724 1303 832 1381; x_wconf 91' lang='lat' dir='ltr'><strong>turpia,</strong></span> <span class='ocrx_word' id='word_1_64' title='bbox 855 1320 941 1383; x_wconf 83' lang='lat' dir='ltr'><strong>quum</strong></span> <span class='ocrx_word' id='word_1_65' title='bbox 963 1303 1004 1361; x_wconf 93' lang='lat' dir='ltr'><strong>sis</strong></span> 
     </span>
    </p>

    <p class='ocr_par' dir='ltr' id='par_1_9' title="bbox 223 1387 1212 1633">
     <span class='ocr_line' id='line_1_12' title="bbox 223 1387 1212 1451; baseline 0.002 -2"><span class='ocrx_word' id='word_1_66' title='bbox 223 1388 302 1449; x_wconf 91' lang='lat' dir='ltr'><strong>Inter</strong></span> <span class='ocrx_word' id='word_1_67' title='bbox 324 1388 493 1447; x_wconf 89' lang='lat' dir='ltr'><strong>Socraticos</strong></span> <span class='ocrx_word' id='word_1_68' title='bbox 512 1387 660 1446; x_wconf 88' lang='lat' dir='ltr'><strong>notissima</strong></span> <span class='ocrx_word' id='word_1_69' title='bbox 683 1387 763 1447; x_wconf 80' lang='lat' dir='ltr'><strong>fossa</strong></span> <span class='ocrx_word' id='word_1_70' title='bbox 787 1387 935 1447; x_wconf 88' lang='lat' dir='ltr'><strong>cinaedos.</strong></span> <span class='ocrx_word' id='word_1_71' title='bbox 1180 1400 1212 1451; x_wconf 90' lang='lat'><strong>10</strong></span> 
     </span>
     <span class='ocr_line' id='line_1_13' title="bbox 223 1469 1108 1550; baseline -0.001 -19"><span class='ocrx_word' id='word_1_72' title='bbox 223 1471 343 1550; x_wconf 89' lang='lat' dir='ltr'><strong>Hispida</strong></span> <span class='ocrx_word' id='word_1_73' title='bbox 363 1470 492 1531; x_wconf 90' lang='lat' dir='ltr'><strong>membra</strong></span> <span class='ocrx_word' id='word_1_74' title='bbox 514 1471 629 1550; x_wconf 84' lang='lat' dir='ltr'><strong>quidem</strong></span> <span class='ocrx_word' id='word_1_75' title='bbox 652 1480 682 1530; x_wconf 90' lang='lat' dir='ltr'><strong>et</strong></span> <span class='ocrx_word' id='word_1_76' title='bbox 703 1471 792 1532; x_wconf 86' lang='lat' dir='ltr'><strong>durae</strong></span> <span class='ocrx_word' id='word_1_77' title='bbox 811 1489 866 1550; x_wconf 90' lang='lat' dir='ltr'><strong>per</strong></span> <span class='ocrx_word' id='word_1_78' title='bbox 886 1469 1005 1530; x_wconf 88' lang='lat' dir='ltr'><strong>brachia</strong></span> <span class='ocrx_word' id='word_1_79' title='bbox 1026 1478 1108 1531; x_wconf 88' lang='lat' dir='ltr'><strong>setae</strong></span> 
     </span>
     <span class='ocr_line' id='line_1_14' title="bbox 223 1552 984 1633; baseline -0.005 -17"><span class='ocrx_word' id='word_1_80' title='bbox 223 1556 392 1616; x_wconf 87' lang='lat' dir='ltr'><strong>Promittunt</strong></span> <span class='ocrx_word' id='word_1_81' title='bbox 414 1564 544 1615; x_wconf 89' lang='lat' dir='ltr'><strong>atrocem</strong></span> <span class='ocrx_word' id='word_1_82' title='bbox 565 1556 703 1623; x_wconf 89' lang='lat' dir='ltr'><strong>animum;</strong></span> <span class='ocrx_word' id='word_1_83' title='bbox 726 1555 779 1615; x_wconf 91' lang='lat' dir='ltr'><strong>sed</strong></span> <span class='ocrx_word' id='word_1_84' title='bbox 800 1554 907 1633; x_wconf 89' lang='lat' dir='ltr'><strong>podice</strong></span> <span class='ocrx_word' id='word_1_85' title='bbox 926 1552 984 1613; x_wconf 90' lang='lat' dir='ltr'><strong>levi</strong></span> 
     </span>
    </p>

    <p class='ocr_par' dir='ltr' id='par_1_10' title="bbox 225 1637 981 1699">
     <span class='ocr_line' id='line_1_15' title="bbox 225 1637 981 1699; baseline -0.005 0"><span class='ocrx_word' id='word_1_86' title='bbox 225 1637 390 1699; x_wconf 84' lang='lat' dir='ltr'><strong>Caeduntur</strong></span> <span class='ocrx_word' id='word_1_87' title='bbox 408 1639 534 1699; x_wconf 89' lang='lat' dir='ltr'><strong>tumidae</strong></span> <span class='ocrx_word' id='word_1_88' title='bbox 556 1639 672 1698; x_wconf 89' lang='lat' dir='ltr'><strong>medico</strong></span> <span class='ocrx_word' id='word_1_89' title='bbox 695 1639 808 1698; x_wconf 85' lang='lat' dir='ltr'><strong>ridente</strong></span> <span class='ocrx_word' id='word_1_90' title='bbox 829 1639 981 1699; x_wconf 88' lang='lat' dir='ltr'><strong>mariscae.</strong></span> 
     </span>
    </p>

    <p class='ocr_par' dir='ltr' id='par_1_11' title="bbox 222 1721 934 1799">
     <span class='ocr_line' id='line_1_16' title="bbox 222 1721 934 1799; baseline -0.001 -18"><span class='ocrx_word' id='word_1_91' title='bbox 222 1722 317 1782; x_wconf 88' lang='lat' dir='ltr'><strong>Rarus</strong></span> <span class='ocrx_word' id='word_1_92' title='bbox 335 1738 431 1781; x_wconf 86' lang='lat' dir='ltr'><strong>sermo</strong></span> <span class='ocrx_word' id='word_1_93' title='bbox 454 1721 511 1780; x_wconf 92' lang='lat' dir='ltr'><strong>illis</strong></span> <span class='ocrx_word' id='word_1_94' title='bbox 534 1731 563 1781; x_wconf 93' lang='lat' dir='ltr'><strong>et</strong></span> <span class='ocrx_word' id='word_1_95' title='bbox 581 1740 683 1799; x_wconf 78' lang='lat' dir='ltr'><strong>magna</strong></span> <span class='ocrx_word' id='word_1_96' title='bbox 707 1721 796 1782; x_wconf 92' lang='lat' dir='ltr'><strong>libido</strong></span> <span class='ocrx_word' id='word_1_97' title='bbox 818 1723 934 1782; x_wconf 89' lang='lat' dir='ltr'><strong>tacendi</strong></span> 
     </span>
    </p>

    <p class='ocr_par' dir='ltr' id='par_1_12' title="bbox 225 1804 1211 1967">
     <span class='ocr_line' id='line_1_17' title="bbox 226 1804 1211 1884; baseline 0.004 -20"><span class='ocrx_word' id='word_1_98' title='bbox 226 1805 319 1884; x_wconf 77' lang='lat' dir='ltr'><strong>Atque</strong></span> <span class='ocrx_word' id='word_1_99' title='bbox 339 1805 497 1883; x_wconf 88' lang='lat' dir='ltr'><strong>supercilio</strong></span> <span class='ocrx_word' id='word_1_100' title='bbox 519 1804 639 1864; x_wconf 90' lang='lat' dir='ltr'><strong>brevior</strong></span> <span class='ocrx_word' id='word_1_101' title='bbox 661 1822 754 1865; x_wconf 84' lang='lat' dir='ltr'><strong>coma.</strong></span> <span class='ocrx_word' id='word_1_102' title='bbox 784 1804 890 1865; x_wconf 89' lang='lat' dir='ltr'><strong>Verius</strong></span> <span class='ocrx_word' id='word_1_103' title='bbox 913 1822 984 1882; x_wconf 82' lang='lat' dir='ltr'><strong>ergo</strong></span> <span class='ocrx_word' id='word_1_104' title='bbox 1180 1817 1211 1868; x_wconf 84' lang='lat'><strong>15</strong></span> 
     </span>
     <span class='ocr_line' id='line_1_18' title="bbox 225 1887 1003 1967; baseline -0.001 -19"><span class='ocrx_word' id='word_1_105' title='bbox 225 1889 260 1948; x_wconf 87' lang='lat' dir='ltr'><strong>iit</strong></span> <span class='ocrx_word' id='word_1_106' title='bbox 280 1890 371 1966; x_wconf 79' lang='lat' dir='ltr'><strong>magis</strong></span> <span class='ocrx_word' id='word_1_107' title='bbox 394 1889 519 1965; x_wconf 82' lang='lat' dir='ltr'><strong>ingenue</strong></span> <span class='ocrx_word' id='word_1_108' title='bbox 541 1887 737 1957; x_wconf 87' lang='lat' dir='ltr'><strong>Peribomius;</strong></span> <span class='ocrx_word' id='word_1_109' title='bbox 759 1890 835 1949; x_wconf 93' lang='lat' dir='ltr'><strong>hunc</strong></span> <span class='ocrx_word' id='word_1_110' title='bbox 858 1906 915 1967; x_wconf 78' lang='lat' dir='ltr'><strong>ego</strong></span> <span class='ocrx_word' id='word_1_111' title='bbox 937 1889 1003 1948; x_wconf 87' lang='lat' dir='ltr'><strong>latis</strong></span> 
     </span>
    </p>

    <p class='ocr_par' dir='ltr' id='par_1_13' title="bbox 223 1971 999 2054">
     <span class='ocr_line' id='line_1_19' title="bbox 223 1971 999 2054; baseline -0.001 -22"><span class='ocrx_word' id='word_1_112' title='bbox 223 1972 351 2050; x_wconf 92' lang='lat' dir='ltr'><strong>imputo,</strong></span> <span class='ocrx_word' id='word_1_113' title='bbox 371 1973 420 2051; x_wconf 87' lang='lat' dir='ltr'><strong>qui</strong></span> <span class='ocrx_word' id='word_1_114' title='bbox 440 1973 519 2032; x_wconf 87' lang='lat' dir='ltr'><strong>vultu</strong></span> <span class='ocrx_word' id='word_1_115' title='bbox 541 1971 670 2032; x_wconf 91' lang='lat' dir='ltr'><strong>morbum</strong></span> <span class='ocrx_word' id='word_1_116' title='bbox 689 1974 864 2054; x_wconf 83' lang='lat' dir='ltr'><strong>incessuque</strong></span> <span class='ocrx_word' id='word_1_117' title='bbox 884 1973 999 2033; x_wconf 85' lang='lat' dir='ltr'><strong>latetur.</strong></span> 
     </span>
    </p>

    <p class='ocr_par' dir='ltr' id='par_1_14' title="bbox 223 2056 983 2135">
     <span class='ocr_line' id='line_1_20' title="bbox 223 2056 983 2135; baseline 0.001 -20"><span class='ocrx_word' id='word_1_118' title='bbox 223 2056 331 2115; x_wconf 90' lang='lat' dir='ltr'><strong>llorum</strong></span> <span class='ocrx_word' id='word_1_119' title='bbox 351 2056 520 2134; x_wconf 85' lang='lat' dir='ltr'><strong>simplicitas</strong></span> <span class='ocrx_word' id='word_1_120' title='bbox 541 2056 733 2132; x_wconf 88' lang='lat' dir='ltr'><strong>miserabilis,</strong></span> <span class='ocrx_word' id='word_1_121' title='bbox 753 2056 798 2117; x_wconf 90' lang='lat' dir='ltr'><strong>his</strong></span> <span class='ocrx_word' id='word_1_122' title='bbox 819 2057 900 2117; x_wconf 87' lang='lat' dir='ltr'><strong>iuror</strong></span> <span class='ocrx_word' id='word_1_123' title='bbox 919 2059 983 2135; x_wconf 91' lang='lat' dir='ltr'><strong>ipse</strong></span> 
     </span>
    </p>

    <p class='ocr_par' dir='ltr' id='par_1_15' title="bbox 222 2139 940 2220">
     <span class='ocr_line' id='line_1_21' title="bbox 222 2139 940 2220; baseline 0.003 -22"><span class='ocrx_word' id='word_1_124' title='bbox 222 2139 279 2199; x_wconf 88' lang='lat' dir='ltr'><strong>Dat</strong></span> <span class='ocrx_word' id='word_1_125' title='bbox 298 2141 426 2209; x_wconf 83' lang='lat' dir='ltr'><strong>veniam;</strong></span> <span class='ocrx_word' id='word_1_126' title='bbox 448 2140 501 2200; x_wconf 91' lang='lat' dir='ltr'><strong>sed</strong></span> <span class='ocrx_word' id='word_1_127' title='bbox 522 2142 658 2219; x_wconf 90' lang='lat' dir='ltr'><strong>peiores,</strong></span> <span class='ocrx_word' id='word_1_128' title='bbox 681 2142 729 2220; x_wconf 84' lang='lat' dir='ltr'><strong>qui</strong></span> <span class='ocrx_word' id='word_1_129' title='bbox 750 2141 819 2202; x_wconf 87' lang='lat' dir='ltr'><strong>talia</strong></span> <span class='ocrx_word' id='word_1_130' title='bbox 839 2141 940 2200; x_wconf 87' lang='lat' dir='ltr'><strong>verbis</strong></span> 
     </span>
    </p>

    <p class='ocr_par' dir='ltr' id='par_1_16' title="bbox 222 2223 1210 2469">
     <span class='ocr_line' id='line_1_22' title="bbox 223 2223 1210 2288; baseline 0.006 -6"><span class='ocrx_word' id='word_1_131' title='bbox 223 2223 358 2283; x_wconf 86' lang='lat' dir='ltr'><strong>Herculis</strong></span> <span class='ocrx_word' id='word_1_132' title='bbox 381 2224 515 2285; x_wconf 83' lang='lat' dir='ltr'><strong>invadunt</strong></span> <span class='ocrx_word' id='word_1_133' title='bbox 538 2233 567 2283; x_wconf 90' lang='lat' dir='ltr'><strong>et</strong></span> <span class='ocrx_word' id='word_1_134' title='bbox 589 2226 626 2285; x_wconf 93' lang='lat' dir='ltr'><strong>de</strong></span> <span class='ocrx_word' id='word_1_135' title='bbox 646 2226 751 2284; x_wconf 82' lang='lat' dir='ltr'><strong>virtute</strong></span> <span class='ocrx_word' id='word_1_136' title='bbox 773 2225 863 2284; x_wconf 89' lang='lat' dir='ltr'><strong>locuti</strong></span> <span class='ocrx_word' id='word_1_137' title='bbox 1174 2236 1210 2288; x_wconf 75' lang='lat'><strong>20</strong></span> 
     </span>
     <span class='ocr_line' id='line_1_23' title="bbox 224 2303 1125 2386; baseline 0 -20"><span class='ocrx_word' id='word_1_138' title='bbox 224 2303 345 2367; x_wconf 91' lang='lat' dir='ltr'><strong>Clnnem</strong></span> <span class='ocrx_word' id='word_1_139' title='bbox 365 2309 483 2384; x_wconf 79' lang='lat' dir='ltr'><strong>agitant.</strong></span> <span class='ocrx_word' id='word_1_140' title='bbox 513 2307 630 2386; x_wconf 79' lang='lat' dir='ltr'><strong>ligate</strong></span> <span class='ocrx_word' id='word_1_141' title='bbox 653 2318 822 2383; x_wconf 84' lang='lat' dir='ltr'><strong>caventem,</strong></span> <span class='ocrx_word' id='word_1_142' title='bbox 847 2309 955 2384; x_wconf 86' lang='lat' dir='ltr'><strong>Sexta,</strong></span> <span class='ocrx_word' id='word_1_143' title='bbox 977 2305 1125 2368; x_wconf 77' lang='lat' dir='ltr'><strong>verebor?</strong></span> 
     </span>
     <span class='ocr_line' id='line_1_24' title="bbox 222 2389 870 2469; baseline 0.003 -19"><span class='ocrx_word' id='word_1_144' title='bbox 222 2390 338 2450; x_wconf 87' lang='lat' dir='ltr'><strong>lulamis</strong></span> <span class='ocrx_word' id='word_1_145' title='bbox 359 2389 487 2450; x_wconf 88' lang='lat' dir='ltr'><strong>Varillus</strong></span> <span class='ocrx_word' id='word_1_146' title='bbox 509 2392 562 2458; x_wconf 86' lang='lat' dir='ltr'><strong>ait;</strong></span> <span class='ocrx_word' id='word_1_147' title='bbox 586 2408 643 2469; x_wconf 89' lang='lat' dir='ltr'><strong>quo</strong></span> <span class='ocrx_word' id='word_1_148' title='bbox 666 2390 795 2451; x_wconf 88' lang='lat' dir='ltr'><strong>deterior</strong></span> <span class='ocrx_word' id='word_1_149' title='bbox 817 2389 870 2452; x_wconf 83' lang='lat' dir='ltr'><strong>te?</strong></span> 
     </span>
    </p>

    <p class='ocr_par' dir='ltr' id='par_1_17' title="bbox 221 2472 1004 2555">
     <span class='ocr_line' id='line_1_25' title="bbox 221 2472 1004 2555; baseline 0.003 -22"><span class='ocrx_word' id='word_1_150' title='bbox 221 2472 396 2551; x_wconf 88' lang='lat' dir='ltr'><strong>Loripedem</strong></span> <span class='ocrx_word' id='word_1_151' title='bbox 417 2483 515 2533; x_wconf 88' lang='lat' dir='ltr'><strong>rectus</strong></span> <span class='ocrx_word' id='word_1_152' title='bbox 538 2475 686 2551; x_wconf 88' lang='lat' dir='ltr'><strong>derideat,</strong></span> <span class='ocrx_word' id='word_1_153' title='bbox 708 2475 884 2555; x_wconf 83' lang='lat' dir='ltr'><strong>Aethiopem</strong></span> <span class='ocrx_word' id='word_1_154' title='bbox 905 2475 1004 2536; x_wconf 88' lang='lat' dir='ltr'><strong>albus:</strong></span> 
     </span>
    </p>

    <p class='ocr_par' dir='ltr' id='par_1_18' title="bbox 223 2555 1016 2640">
     <span class='ocr_line' id='line_1_26' title="bbox 223 2555 1016 2640; baseline 0.003 -26"><span class='ocrx_word' id='word_1_155' title='bbox 223 2555 295 2629; x_wconf 83' lang='lat' dir='ltr'><strong>Quis</strong></span> <span class='ocrx_word' id='word_1_156' title='bbox 317 2556 416 2615; x_wconf 90' lang='lat' dir='ltr'><strong>tulerit</strong></span> <span class='ocrx_word' id='word_1_157' title='bbox 436 2556 586 2618; x_wconf 83' lang='lat' dir='ltr'><strong>Gracchos</strong></span> <span class='ocrx_word' id='word_1_158' title='bbox 608 2559 644 2619; x_wconf 90' lang='lat' dir='ltr'><strong>dc</strong></span> <span class='ocrx_word' id='word_1_159' title='bbox 668 2559 811 2620; x_wconf 87' lang='lat' dir='ltr'><strong>seditione</strong></span> <span class='ocrx_word' id='word_1_160' title='bbox 835 2556 1016 2640; x_wconf 76' lang='lat' dir='ltr'><strong>querentes?</strong></span> 
     </span>
    </p>

    <p class='ocr_par' dir='ltr' id='par_1_19' title="bbox 223 2637 1031 2719">
     <span class='ocr_line' id='line_1_27' title="bbox 223 2637 1031 2719; baseline 0.006 -21"><span class='ocrx_word' id='word_1_161' title='bbox 223 2639 294 2713; x_wconf 83' lang='lat' dir='ltr'><strong>Quis</strong></span> <span class='ocrx_word' id='word_1_162' title='bbox 318 2637 432 2699; x_wconf 89' lang='lat' dir='ltr'><strong>coelum</strong></span> <span class='ocrx_word' id='word_1_163' title='bbox 451 2642 537 2700; x_wconf 87' lang='lat' dir='ltr'><strong>terris</strong></span> <span class='ocrx_word' id='word_1_164' title='bbox 557 2658 615 2701; x_wconf 91' lang='lat' dir='ltr'><strong>non</strong></span> <span class='ocrx_word' id='word_1_165' title='bbox 634 2643 755 2704; x_wconf 88' lang='lat' dir='ltr'><strong>misceat</strong></span> <span class='ocrx_word' id='word_1_166' title='bbox 776 2654 805 2704; x_wconf 91' lang='lat' dir='ltr'><strong>et</strong></span> <span class='ocrx_word' id='word_1_167' title='bbox 826 2662 905 2704; x_wconf 89' lang='lat' dir='ltr'><strong>mare</strong></span> <span class='ocrx_word' id='word_1_168' title='bbox 929 2643 1031 2719; x_wconf 85' lang='lat' dir='ltr'><strong>coelo,</strong></span> 
     </span>
    </p>

    <p class='ocr_par' dir='ltr' id='par_1_20' title="bbox 223 2722 917 2803">
     <span class='ocr_line' id='line_1_28' title="bbox 223 2722 917 2803; baseline 0.009 -23"><span class='ocrx_word' id='word_1_169' title='bbox 223 2723 254 2780; x_wconf 89' lang='lat' dir='ltr'><strong>Si</strong></span> <span class='ocrx_word' id='word_1_170' title='bbox 274 2723 321 2782; x_wconf 81' lang='lat' dir='ltr'><strong>fur</strong></span> <span class='ocrx_word' id='word_1_171' title='bbox 338 2722 493 2801; x_wconf 89' lang='lat' dir='ltr'><strong>displiceat</strong></span> <span class='ocrx_word' id='word_1_172' title='bbox 512 2723 614 2802; x_wconf 89' lang='lat' dir='ltr'><strong>Verri,</strong></span> <span class='ocrx_word' id='word_1_173' title='bbox 637 2727 781 2788; x_wconf 89' lang='lat' dir='ltr'><strong>homicida</strong></span> <span class='ocrx_word' id='word_1_174' title='bbox 802 2726 917 2803; x_wconf 86' lang='lat' dir='ltr'><strong>hilloui,</strong></span> 
     </span>
    </p>

    <p class='ocr_par' dir='ltr' id='par_1_21' title="bbox 224 2803 1014 2888">
     <span class='ocr_line' id='line_1_29' title="bbox 224 2803 1014 2888; baseline 0.008 -24"><span class='ocrx_word' id='word_1_175' title='bbox 224 2803 343 2865; x_wconf 90' lang='lat' dir='ltr'><strong>Clodius</strong></span> <span class='ocrx_word' id='word_1_176' title='bbox 367 2817 486 2867; x_wconf 88' lang='lat' dir='ltr'><strong>accuset</strong></span> <span class='ocrx_word' id='word_1_177' title='bbox 507 2809 666 2886; x_wconf 88' lang='lat' dir='ltr'><strong>moechos,</strong></span> <span class='ocrx_word' id='word_1_178' title='bbox 691 2809 812 2872; x_wconf 91' lang='lat' dir='ltr'><strong>Catilina</strong></span> <span class='ocrx_word' id='word_1_179' title='bbox 835 2808 1014 2888; x_wconf 81' lang='lat' dir='ltr'><strong>Cethegum,</strong></span> 
     </span>
    </p>

    <p class='ocr_par' dir='ltr' id='par_1_22' title="bbox 222 2889 943 2973">
     <span class='ocr_line' id='line_1_30' title="bbox 222 2889 943 2973; baseline 0.007 -24"><span class='ocrx_word' id='word_1_180' title='bbox 222 2890 254 2949; x_wconf 93' lang='lat' dir='ltr'><strong>ln</strong></span> <span class='ocrx_word' id='word_1_181' title='bbox 275 2889 401 2950; x_wconf 89' lang='lat' dir='ltr'><strong>tabulam</strong></span> <span class='ocrx_word' id='word_1_182' title='bbox 421 2891 522 2952; x_wconf 87' lang='lat' dir='ltr'><strong>Sullae</strong></span> <span class='ocrx_word' id='word_1_183' title='bbox 542 2895 567 2952; x_wconf 94' lang='lat' dir='ltr'><strong>si</strong></span> <span class='ocrx_word' id='word_1_184' title='bbox 590 2895 685 2954; x_wconf 90' lang='lat' dir='ltr'><strong>dicant</strong></span> <span class='ocrx_word' id='word_1_185' title='bbox 705 2895 839 2973; x_wconf 90' lang='lat' dir='ltr'><strong>discipuli</strong></span> <span class='ocrx_word' id='word_1_186' title='bbox 861 2891 943 2955; x_wconf 78' lang='lat' dir='ltr'><strong>tres?</strong></span> 
     </span>
    </p>

    <p class='ocr_par' dir='ltr' id='par_1_23' title="bbox 223 2972 942 3056">
     <span class='ocr_line' id='line_1_31' title="bbox 223 2972 942 3056; baseline 0.006 -23"><span class='ocrx_word' id='word_1_187' title='bbox 223 2972 323 3047; x_wconf 84' lang='lat' dir='ltr'><strong>Qualis</strong></span> <span class='ocrx_word' id='word_1_188' title='bbox 346 2983 409 3034; x_wconf 87' lang='lat' dir='ltr'><strong>erat</strong></span> <span class='ocrx_word' id='word_1_189' title='bbox 429 2994 522 3054; x_wconf 86' lang='lat' dir='ltr'><strong>nuper</strong></span> <span class='ocrx_word' id='word_1_190' title='bbox 544 2979 656 3055; x_wconf 77' lang='lat' dir='ltr'><strong>tragico</strong></span> <span class='ocrx_word' id='word_1_191' title='bbox 680 2977 806 3056; x_wconf 91' lang='lat' dir='ltr'><strong>pollutus</strong></span> <span class='ocrx_word' id='word_1_192' title='bbox 828 2979 942 3039; x_wconf 91' lang='lat' dir='ltr'><strong>adulter</strong></span> 
     </span>
    </p>
   </div>
   <div class='ocr_carea' id='block_1_4' title="bbox 220 3053 1036 3556">
    <p class='ocr_par' dir='ltr' id='par_1_24' title="bbox 220 3053 1036 3556">
     <span class='ocr_line' id='line_1_32' title="bbox 224 3053 979 3140; baseline 0.008 -26"><span class='ocrx_word' id='word_1_193' title='bbox 224 3053 400 3134; x_wconf 89' lang='lat' dir='ltr'><strong>Concubitu,</strong></span> <span class='ocrx_word' id='word_1_194' title='bbox 424 3061 471 3137; x_wconf 90' lang='lat' dir='ltr'><strong>qui</strong></span> <span class='ocrx_word' id='word_1_195' title='bbox 493 3068 560 3120; x_wconf 90' lang='lat' dir='ltr'><strong>tunc</strong></span> <span class='ocrx_word' id='word_1_196' title='bbox 582 3061 666 3140; x_wconf 78' lang='lat' dir='ltr'><strong>leges</strong></span> <span class='ocrx_word' id='word_1_197' title='bbox 689 3061 848 3122; x_wconf 85' lang='lat' dir='ltr'><strong>revocabat</strong></span> <span class='ocrx_word' id='word_1_198' title='bbox 869 3080 979 3122; x_wconf 88' lang='lat' dir='ltr'><strong>amaras</strong></span> 
     </span>
     <span class='ocr_line' id='line_1_33' title="bbox 223 3137 1036 3225; baseline 0.01 -28"><span class='ocrx_word' id='word_1_199' title='bbox 223 3137 359 3199; x_wconf 85' lang='lat' dir='ltr'><strong>Omnibus</strong></span> <span class='ocrx_word' id='word_1_200' title='bbox 384 3151 469 3221; x_wconf 86' lang='lat' dir='ltr'><strong>atque</strong></span> <span class='ocrx_word' id='word_1_201' title='bbox 493 3145 564 3223; x_wconf 91' lang='lat' dir='ltr'><strong>ipsis</strong></span> <span class='ocrx_word' id='word_1_202' title='bbox 584 3143 694 3204; x_wconf 88' lang='lat' dir='ltr'><strong>Veneri</strong></span> <span class='ocrx_word' id='word_1_203' title='bbox 714 3144 855 3225; x_wconf 89' lang='lat' dir='ltr'><strong>blartique</strong></span> <span class='ocrx_word' id='word_1_204' title='bbox 878 3146 1036 3221; x_wconf 89' lang='lat' dir='ltr'><strong>timendas,</strong></span> 
     </span>
     <span class='ocr_line' id='line_1_34' title="bbox 222 3222 935 3297; baseline 0.011 -16"><span class='ocrx_word' id='word_1_205' title='bbox 222 3222 315 3297; x_wconf 83' lang='lat' dir='ltr'><strong>Quum</strong></span> <span class='ocrx_word' id='word_1_206' title='bbox 335 3232 377 3283; x_wconf 92' lang='lat' dir='ltr'><strong>tot</strong></span> <span class='ocrx_word' id='word_1_207' title='bbox 399 3226 537 3287; x_wconf 82' lang='lat' dir='ltr'><strong>abortivis</strong></span> <span class='ocrx_word' id='word_1_208' title='bbox 555 3229 708 3288; x_wconf 82' lang='lat' dir='ltr'><strong>fecundam</strong></span> <span class='ocrx_word' id='word_1_209' title='bbox 728 3227 799 3288; x_wconf 88' lang='lat' dir='ltr'><strong>lulia</strong></span> <span class='ocrx_word' id='word_1_210' title='bbox 821 3229 935 3289; x_wconf 87' lang='lat' dir='ltr'><strong>vulvam</strong></span> 
     </span>
     <span class='ocr_line' id='line_1_35' title="bbox 222 3306 953 3388; baseline 0.003 -22"><span class='ocrx_word' id='word_1_211' title='bbox 222 3306 360 3367; x_wconf 90' lang='lat' dir='ltr'><strong>Solveret</strong></span> <span class='ocrx_word' id='word_1_212' title='bbox 380 3318 409 3368; x_wconf 93' lang='lat' dir='ltr'><strong>et</strong></span> <span class='ocrx_word' id='word_1_213' title='bbox 431 3319 533 3388; x_wconf 90' lang='lat' dir='ltr'><strong>patruo</strong></span> <span class='ocrx_word' id='word_1_214' title='bbox 555 3311 665 3370; x_wconf 89' lang='lat' dir='ltr'><strong>slmiles</strong></span> <span class='ocrx_word' id='word_1_215' title='bbox 686 3306 847 3372; x_wconf 79' lang='lat' dir='ltr'><strong>effunderet</strong></span> <span class='ocrx_word' id='word_1_216' title='bbox 870 3313 953 3372; x_wconf 85' lang='lat' dir='ltr'><strong>olias.</strong></span> 
     </span>
     <span class='ocr_line' id='line_1_36' title="bbox 220 3389 1012 3469; baseline 0.008 -21"><span class='ocrx_word' id='word_1_217' title='bbox 220 3389 324 3451; x_wconf 88' lang='lat' dir='ltr'><strong>Nonne</strong></span> <span class='ocrx_word' id='word_1_218' title='bbox 346 3392 432 3469; x_wconf 80' lang='lat' dir='ltr'><strong>igitur</strong></span> <span class='ocrx_word' id='word_1_219' title='bbox 453 3394 515 3453; x_wconf 91' lang='lat' dir='ltr'><strong>iure</strong></span> <span class='ocrx_word' id='word_1_220' title='bbox 537 3412 572 3454; x_wconf 91' lang='lat' dir='ltr'><strong>ac</strong></span> <span class='ocrx_word' id='word_1_221' title='bbox 593 3396 697 3455; x_wconf 90' lang='lat' dir='ltr'><strong>merito</strong></span> <span class='ocrx_word' id='word_1_222' title='bbox 718 3396 787 3456; x_wconf 91' lang='lat' dir='ltr'><strong>vitia</strong></span> <span class='ocrx_word' id='word_1_223' title='bbox 808 3395 905 3455; x_wconf 92' lang='lat' dir='ltr'><strong>ultima</strong></span> <span class='ocrx_word' id='word_1_224' title='bbox 929 3396 1012 3455; x_wconf 89' lang='lat' dir='ltr'><strong>lictos</strong></span> 
     </span>
     <span class='ocr_line' id='line_1_37' title="bbox 222 3471 978 3556; baseline 0.007 -24"><span class='ocrx_word' id='word_1_225' title='bbox 222 3471 413 3535; x_wconf 90' lang='lat' dir='ltr'><strong>Contemnunt</strong></span> <span class='ocrx_word' id='word_1_226' title='bbox 434 3477 561 3536; x_wconf 93' lang='lat' dir='ltr'><strong>Scauros</strong></span> <span class='ocrx_word' id='word_1_227' title='bbox 583 3484 612 3536; x_wconf 89' lang='lat' dir='ltr'><strong>et</strong></span> <span class='ocrx_word' id='word_1_228' title='bbox 632 3479 773 3556; x_wconf 81' lang='lat' dir='ltr'><strong>castigata</strong></span> <span class='ocrx_word' id='word_1_229' title='bbox 789 3475 978 3539; x_wconf 84' lang='lat' dir='ltr'><strong>remordent?</strong></span> 
     </span>
    </p>
   </div>
   <div class='ocr_carea' id='block_1_5' title="bbox 0 0 1304 4006">
    <p class='ocr_par' dir='ltr' id='par_1_25' title="bbox 0 0 1304 4006">
     <span class='ocr_line' id='line_1_38' title="bbox 0 0 1304 4006; baseline 0 2"><span class='ocrx_word' id='word_1_230' title='bbox 0 0 1304 4006; x_wconf 95' lang='lat' dir='ltr'><strong> </strong></span> 
     </span>
    </p>
   </div>
  </div>
 </body>
</html>
