2600 4006
196 203 236 266 38
546 213 581 260 n.
605 212 675 260 run.
695 212 882 261 ruvuuanrs

197 353 304 414 Oscula
329 352 477 412 delectent
499 359 528 410 et
549 349 717 428 desperatio
741 347 865 424 barbae,

196 437 234 498 lta
257 436 335 516 quod
358 434 491 496 abortivo
515 451 573 493 non
597 442 641 493 est
665 450 749 511 opus.
785 432 840 492 llla
862 433 998 512 voluptas

197 524 311 582 Summa
334 528 444 594 tamen,
467 518 544 597 quod
565 520 621 578 iam
643 517 736 578 calida
757 526 866 576 matura
890 519 1005 578 iuventa

196 605 316 682 Inguina
343 603 491 664 traduntur
512 601 648 678 medicis,
671 602 726 660 iam
748 601 865 678 pectine
887 603 982 678 nigro.
1136 615 1189 668 370

196 689 277 766 Ergo
299 696 488 767 exspectatos
514 703 549 746 ac
571 687 667 744 iussos
691 702 829 744 crescere
851 686 972 763 primum

197 771 379 847 Testiculos,
402 780 556 850 postquam
578 777 739 847 coeperunt
761 787 828 828 esse
847 768 980 845 bilibres,

198 857 338 917 Tonsoris
357 855 460 916 damno
482 863 590 915 tantum
612 855 687 932 rapit
708 851 894 912 Heliodorus.

198 938 381 1019 Conspicuus
407 939 496 1016 longe
520 939 689 1016 cunctisque
712 936 848 996 notabilis
870 938 956 997 intrat

197 1025 323 1100 Balnea,
346 1040 402 1083 nec
425 1022 512 1082 dubie
536 1020 687 1082 custodem
708 1021 775 1080 vitis
797 1029 828 1080 et
848 1021 925 1081 horti
1134 1030 1188 1085 375

197 1109 357 1183 Provocat,
382 1125 398 1167 a
420 1107 534 1167 domina
555 1099 650 1166 iactus
673 1104 774 1183 spado.
810 1103 941 1166 Dormiat
962 1105 1014 1165 ille

199 1191 269 1252 Cum
292 1191 420 1252 domina:
445 1191 498 1250 sed
522 1199 551 1248 tu
573 1191 628 1248 iam
649 1188 765 1265 durum,
791 1187 943 1266 Postume,
967 1191 1081 1267 iamque

198 1275 385 1336 Tondendurn
410 1273 543 1334 eunucho
567 1272 710 1332 Bromium
735 1273 915 1334 committere
938 1273 1008 1332 noli.

240 1361 271 1420 Si
295 1359 403 1436 gaudet
425 1367 526 1433 cantu,
550 1356 656 1416 nullius
677 1355 766 1417 fibula
789 1357 871 1418 durat

198 1444 309 1504 Vocem
329 1442 481 1502 vendentis
504 1440 704 1520 praetoribus3
728 1458 837 1518 organa
859 1459 975 1521 semper
1135 1452 1190 1506 380

198 1528 230 1587 ln
254 1526 399 1596 manibus;
426 1527 508 1588 densi
532 1525 643 1586 radiant
666 1526 812 1585 testudine
838 1534 899 1585 tota
1048 1593 1050 1598 ,

199 1611 420 1686 Sardonychas:
445 1612 543 1688 crispo
558 1607 752 1670 'numerantur
776 1611 893 1688 pectine
915 1610 1058 1687 chordae,

198 1696 264 1769 Quo
287 1705 370 1755 tener
390 1693 568 1769 Hedymeles
592 1710 698 1771 operas
719 1692 815 1753 dedit:
838 1694 914 1754 hunc
937 1703 1034 1770 tenet,
1057 1694 1116 1754 hoc
1139 1713 1172 1753 se

199 1780 318 1840 Solatur
341 1787 485 1856 gratoque
509 1776 640 1854 indulget
662 1775 743 1836 basia
769 1778 894 1856 plectro.

200 1862 348 1936 Quaedam
373 1861 410 1921 de
435 1878 554 1920 numero
580 1860 738 1921 lamiarum
762 1879 797 1920 ac
819 1863 941 1921 nominis
966 1862 1033 1922 Aeli
1136 1873 1188 1926 385

198 1947 237 2006 Et
258 1946 336 2006 iurrc
359 1955 388 2005 et
410 1946 477 2004 vino
499 1944 596 2005 lanum
617 1943 795 2025 Vestamque
817 1944 952 2023 rogabat,

198 2032 245 2090 An
269 2027 461 2108 Capitolinam
485 2028 607 2090 deberet
628 2027 722 2089 Pollio
746 2048 884 2106 quercum

200 2117 327 2193 Sperare
351 2123 380 2173 et
402 2113 504 2175 fidibus
528 2115 708 2192 promittere.
743 2111 819 2186 Quid
841 2113 953 2174 laceret
975 2113 1040 2191 plus

200 2200 380 2275 Aegrotante
401 2195 487 2258 viro?
511 2199 632 2258 medicis
656 2198 723 2275 quid
745 2197 875 2257 tristibus
900 2215 970 2274 erga
1066 2201 1069 2206 '

199 2281 353 2342 Filiolam?
379 2283 459 2341 stetit
480 2291 546 2342 aute
568 2300 662 2357 aram,
686 2299 742 2340 nec
762 2290 846 2360 turpe
867 2282 977 2360 putavit
1138 2292 1190 2346 390

199 2367 255 2426 Pro
280 2365 391 2427 cithara
412 2365 515 2425 velare
537 2374 640 2443 caput,
664 2365 830 2444 dictataque
852 2364 945 2425 verba

199 2450 336 2524 Pertulit,
359 2458 390 2509 ut
410 2466 473 2508 mos
499 2458 561 2525 est,
587 2457 616 2509 et
639 2459 740 2527 aperta
763 2450 864 2529 palluit
886 2468 970 2527 agna.

200 2534 255 2593 Dic
274 2532 341 2593 milri
363 2550 455 2608 nunc,
479 2550 609 2612 quaeso,
638 2533 700 2610 dic,
724 2536 920 2614 antiquissime
941 2533 1046 2609 divum,

200 2615 374 2695 Respondes
397 2615 458 2690 his,
481 2615 550 2676 lane
573 2615 677 2696 pater?
702 2636 806 2695 magna
827 2620 885 2679 otia
910 2619 1002 2688 coeli;

200 2699 266 2759 Non
286 2708 348 2776 est,
373 2699 450 2778 quod
469 2700 573 2778 video,
593 2711 715 2762 nonest
736 2701 814 2781 quod
831 2712 934 2779 agatur
953 2703 1028 2780 apud
1047 2705 1117 2765 vos!
1138 2715 1190 2769 395

200 2783 280 2843 Haec
302 2782 338 2843 de
362 2782 511 2842 comoedis
533 2794 562 2844 te
586 2785 723 2854 consulit;
746 2785 797 2846 illa
818 2786 989 2864 tragoedum

202 2865 411 2927 Commendare
435 2867 533 2928 volet:
559 2871 711 2929 varicosus
734 2870 783 2929 liet
802 2869 959 2950 haruspex.

201 2952 260 3012 Sed
286 2959 381 3010 cantet
404 2953 517 3030 potius,
541 2972 625 3032 qnam
647 2962 736 3013 totam
758 2955 895 3033 pervolet
916 2953 1015 3015 urbem

201 3035 304 3095 Audax
328 3044 357 3096 et
381 3046 484 3096 coetus
506 3039 600 3115 possit
624 3055 698 3116 quae
722 3037 803 3097 ierre
824 3040 951 3098 virorum

202 3117 331 3199 Cumque
353 3119 496 3198 paludatis
519 3120 641 3180 ducibus
663 3131 820 3198 praesente
843 3125 945 3183 marito
1140 3135 1192 3186 too

201 3201 268 3280 lpsa
293 3202 373 3281 loqui
395 3212 477 3263 recta
502 3203 578 3264 facie
607 3205 753 3286 siccisque
775 3206 917 3267 mamillis.

200 3285 281 3347 llaec
304 3285 406 3346 eadem
427 3288 522 3362 novit,
550 3288 618 3366 quid
639 3297 702 3348 toto
725 3289 774 3350 liat
795 3293 824 3351 in
849 3290 936 3360 orbe;

202 3369 276 3443 Quid
299 3371 405 3445 Seres,
434 3370 502 3448 quid
527 3371 656 3432 Thraces
680 3382 781 3450 agant;
804 3384 921 3435 secreta
943 3391 1090 3435 novercae

203 3452 237 3513 Et
262 3453 346 3531 pueri
355 3474 362 3521 ;
389 3454 453 3531 quis
476 3463 568 3533 amet,
594 3458 657 3535 quis
681 3456 830 3536 diripiatur
852 3459 974 3520 adulter.
