2600 4006
519 253 643 300 samaa
664 254 715 300 111.
1074 245 1111 304 15

122 397 183 456 iles
207 404 327 472 angusta
349 394 440 461 domi;
464 393 516 453 sed
537 391 648 453 Romae
671 393 770 452 durior
791 393 848 453 illis
1061 407 1110 462 165

121 479 267 541 conatus:
288 494 393 555 magno
416 476 573 555 hospitium
594 477 779 551 miserabile,
802 495 907 554 magno

120 565 279 624 Servorum
299 571 435 636 ventres,
461 570 489 621 et
508 560 585 637 lrugi
606 560 730 621 coenula
749 577 865 637 magno.

119 645 271 708 Fictilibus
294 661 421 705 coenare
443 645 549 723 pudet,
573 645 651 723 quod
672 652 757 722 turpe
777 643 896 720 negabit

119 729 289 791 Translatus
312 729 407 789 subito
424 727 461 788 ad
482 726 595 788 blarsos
617 745 803 806 mensamque
826 727 973 788 Sabellam

120 812 340 891 Contentusque
356 812 417 872 illic
439 820 546 871 veneto
565 812 698 891 duroque
717 810 842 872 cucullo.
1058 821 1112 876 rto

119 899 191 958 Pars
212 914 315 973 magua
336 895 437 956 ltaliae
460 905 523 970 est,
544 897 568 956 si
589 914 689 955 verum
711 895 898 970 admittimus,
920 896 948 954 in
969 913 1025 975 qua

117 981 212 1058 Nemo
234 989 331 1057 togam
352 980 451 1054 sumit,
475 980 530 1038 nisi
550 988 688 1039 mortuus.
733 979 801 1058 lpsa
821 979 931 1040 dierum

118 1064 273 1125 Festorum
293 1063 423 1124 herboso
448 1063 552 1125 colitur
571 1064 595 1122 si
617 1065 731 1141 quaudo
754 1063 868 1123 theatro

118 1148 273 1224 Maiestas,
295 1148 470 1225 tandemque
490 1146 566 1207 redit
588 1147 624 1207 ad
643 1147 754 1226 pulpita
775 1155 873 1206 notum

118 1231 277 1308 Exodium,
301 1248 386 1310 quum
409 1247 555 1308 personae
577 1226 714 1309 pallentis
735 1231 842 1292 hiatum
1060 1241 1111 1295 175

118 1316 151 1375 ln
171 1316 284 1394 gremio
305 1315 404 1374 matris
425 1315 561 1374 formidat
581 1316 707 1374 rusticus
728 1316 838 1375 inians:

118 1399 269 1478 Aequales
289 1397 405 1458 habitus
427 1398 488 1458 illic
509 1398 678 1476 similesque
700 1397 815 1458 videbis

119 1482 307 1544 Orchestram
330 1491 360 1541 et
380 1481 533 1561 populum:
559 1482 629 1542 clari
651 1482 785 1542 velamen
805 1481 925 1541 honoris

118 1567 271 1628 Sufficiunt
292 1568 405 1626 tunicae
427 1566 545 1625 summis
566 1564 709 1626 aedilibus
727 1565 821 1625 albae.

118 1651 173 1712 llic
192 1650 265 1710 ultra
288 1650 367 1709 vires
390 1649 504 1709 babitus
524 1649 614 1718 nitor;
633 1649 681 1710 hic
700 1649 807 1728 aliquid
828 1649 894 1728 plus
1058 1659 1110 1713 180

119 1735 211 1809 Quam
238 1734 308 1794 satis
332 1742 378 1793 est
399 1734 540 1793 interdum
563 1733 658 1793 aliena
681 1735 798 1793 sumitur
820 1751 898 1794 arca.

119 1817 277 1879 Commune
301 1817 329 1877 id
351 1818 448 1876 vitium
472 1825 534 1885 est;
576 1816 624 1877 bic
644 1819 766 1878 vivimus
789 1817 941 1878 ambitiosa

118 1903 294 1980 Paupertate
317 1918 435 1970 omnes;
473 1900 541 1978 quid
562 1909 591 1960 te
614 1898 733 1962 moror?
755 1902 848 1962 omnia
871 1901 981 1962 Romae

120 1983 191 2046 Cum
212 1986 317 2064 pretio.
362 1985 436 2060 Quid
458 1985 527 2059 das,
551 1994 581 2044 ut
604 1983 727 2045 Cossum
748 1985 902 2065 aliquando
925 1983 1055 2046 salutes?

118 2069 157 2130 Ut
180 2079 209 2130 te
231 2069 368 2147 respiciat
389 2068 489 2129 clauso
510 2066 636 2128 Veiento
659 2065 791 2129 labello?
1058 2081 1110 2133 185

118 2153 173 2214 llle
196 2155 276 2212 metit
296 2152 432 2229 barbam,
455 2152 564 2211 crinem
586 2151 634 2212 bic
656 2152 775 2231 deponit
797 2153 894 2212 amati:

118 2237 207 2298 Plena
231 2237 332 2296 domus
352 2237 418 2297 libis
439 2234 608 2304 venalibus;
628 2237 732 2314 accipe
755 2244 784 2296 ct
806 2235 882 2295 istud

117 2320 302 2381 Fermentum
324 2321 375 2381 tibi
396 2320 488 2381 habe:
511 2329 662 2398 praestare
685 2320 791 2380 tributa
813 2319 937 2380 clientes

119 2401 258 2482 Cogimur
280 2413 309 2464 et
332 2405 416 2464 cultis
440 2422 550 2484 augere
572 2403 689 2483 peculia
711 2405 814 2464 servis.

162 2487 234 2562 Quis
253 2489 334 2549 timet
356 2497 404 2548 aut
427 2488 519 2550 timuit
538 2489 637 2566 gelida
660 2487 819 2548 Praeneste
838 2488 958 2564 ruinam,
1060 2496 1110 2552 190

118 2571 179 2631 Aut
201 2572 305 2649 positis
325 2587 482 2635 nemorosa
502 2572 579 2634 inter
601 2573 667 2650 iuga
687 2570 844 2646 Volsiniis,
867 2580 915 2632 aut

119 2655 306 2733 simplicibus
328 2655 444 2732 Gabiis,
465 2662 514 2717 aut
534 2657 618 2735 proni
641 2654 755 2716 Tiburis
776 2653 866 2716 arcel

117 2737 182 2798 Nos
201 2739 302 2799 urbem
326 2739 446 2799 colimus
468 2742 546 2800 tenui
568 2739 686 2800 tibicine
708 2739 808 2800 iultam

117 2821 223 2900 llagna
241 2831 325 2901 parte
348 2823 407 2891 sui;
431 2840 496 2884 nam
515 2825 558 2884 sic
581 2823 745 2884 labentibus
767 2822 864 2884 obstat

117 2906 231 2966 Vilicus
255 2916 302 2987 et,
323 2908 435 2968 veteris
457 2909 546 2968 rimae
569 2924 654 2987 quum
676 2907 748 2967 texit
769 2906 886 2984 hiatum,
1059 2915 1109 2971 195

119 2991 250 3050 Securos
271 2991 418 3068 pendente
442 2991 522 3052 iubet
545 2991 671 3052 dormire
693 2991 783 3051 ruina.

119 3072 282 3134 Vivendum
305 3074 448 3151 estillic,
471 3075 519 3136 ubi
537 3075 614 3136 nulla
636 3074 782 3151 incendia,
805 3074 876 3134 nulli

118 3155 215 3217 Nocte
236 3166 339 3218 metus.
384 3158 443 3219 lam
461 3162 557 3238 poscit
579 3177 700 3239 aquam,
723 3160 779 3220 iam
801 3158 907 3219 frivola
928 3158 1066 3219 transfert

118 3239 290 3317 Ucalegon,
313 3240 442 3303 tabulata
464 3243 515 3302 tibi
536 3245 591 3303 iam
613 3245 698 3304 tertia
720 3243 844 3303 fumant:

120 3322 163 3386 'l'u
183 3325 295 3394 nescim
318 3344 382 3387 nam
406 3327 430 3385 si
450 3327 588 3404 gradibus
606 3326 767 3404 trepidatur
788 3329 824 3387 ab
847 3326 921 3403 imis,
1057 3334 1110 3387 200

118 3406 243 3468 Ultimus
264 3408 394 3484 ardebit,
417 3428 502 3489 quem
524 3408 622 3488 tegula
642 3410 706 3470 sola
727 3418 824 3470 tuctur

119 3489 146 3552 t
169 3490 287 3571 pluvia,
307 3492 413 3553 molles
434 3493 483 3554 ubi
504 3493 626 3554 reddunt
647 3511 703 3554 ova
723 3492 885 3554 columbas.
