2600 4006
227 249 265 296 tv
619 248 826 295 PRAEFATIO.

234 393 314 464 ptmes
324 398 349 446 et
359 389 450 446 scholia
461 391 547 447 eodem
558 393 699 463 pertinenna
709 392 742 446 ita
758 397 924 458 accesserunt,
945 398 973 445 nt
984 407 1049 446 nunc
1061 391 1109 444 tere
1120 391 1211 448 dnode-

234 475 283 532 eim
297 489 377 531 rerum
395 475 596 532 luvenalianamm
615 481 688 530 testes
702 475 843 539 habeamus,
863 474 989 546 dequibus
1001 480 1026 528 et
1041 473 1173 545 Pinzgems
1186 476 1211 530 iu

234 560 254 617 1.
265 558 323 616 Chr.
335 558 401 615 iahn.
413 558 442 614 N.
454 560 537 614 hnual.
549 561 616 616 1835
627 559 654 614 Τ.
667 558 726 623 xlv,
742 574 767 629 p.
780 563 830 617 261
843 575 894 631 sqq.
908 563 932 612 et
942 574 987 613 nos
999 558 1140 613 inProoem.
1152 558 1210 618 teet.

235 644 303 700 Gott.
322 647 391 702 1843
408 644 511 714 amplius
528 643 715 713 disputavimus,
736 657 866 714 eommquc
881 648 975 712 septem
990 643 1062 697 etiam
1074 639 1104 697 0.
1116 640 1212 696 lahnius

235 728 265 784 ad
275 727 386 783 editIonis
395 741 453 781 suae
469 728 559 782 calcem
577 725 693 788 subiecitr
712 726 754 798 qui
766 726 807 782 uhi
823 727 885 781 inter
900 741 927 780 se
943 727 1109 790 consentimt,
1129 726 1212 796 utique

235 812 368 880 locupletes
384 809 533 864 existimandi
550 815 621 876 sunt,
638 810 675 864 sin
692 809 835 865 dissentiunt
866 810 958 865 uultum
978 810 1036 866 adeo
1055 825 1112 880 prae
1123 809 1213 863 ceteris

235 894 380 950 eminentem
397 892 514 958 offemnt,
530 898 558 946 ut
568 899 609 947 aut
625 893 723 947 omnino
744 894 825 948 autin
844 893 983 965 grauissima
1001 893 1047 947 hac
1063 893 1212 964 quaestione,
1277 887 1282 900 “

176 1007 180 1016 -
235 992 295 1050 quae
305 977 335 1032 ad
346 975 443 1030 exilium
460 982 546 1045 poetae
557 983 664 1046 spectat,
679 977 743 1031 illins
753 977 833 1046 potins
849 976 920 1032 fidem
937 991 1009 1049 quam
1025 982 1134 1031 nostrum
1151 976 1213 1031 iudi·

235 1061 300 1115 cium
310 1060 378 1131 sequi
388 1057 524 1115 debeamus.
557 1058 608 1124 Qua
620 1061 644 1114 in
654 1061 792 1131 quaestione
803 1061 850 1114 hoc
860 1061 955 1132 quidem
973 1061 1036 1115 inter
1051 1074 1136 1115 omnes
1155 1075 1213 1114 con-

235 1149 295 1207 stat,
316 1140 452 1198 quenalem
469 1143 499 1197 ah
519 1143 675 1213 imperatore,
694 1144 762 1198 onius
778 1145 837 1198 iram
853 1144 890 1198 vel
907 1144 1068 1214 suspicionem
1080 1158 1212 1213 pancorum

234 1241 346 1282 romaum
357 1225 430 1280 satira
439 1227 477 1281 uel
488 1226 661 1298 epigrammate
671 1228 799 1291 movisset,
817 1227 862 1282 suh
873 1229 954 1298 specie
967 1228 1064 1283 honoris
1076 1234 1101 1280 et
1112 1226 1213 1282 obtentu

235 1309 358 1365 mititiolae
369 1309 393 1364 in
405 1315 526 1365 extremos
536 1311 628 1380 imperii
640 1311 700 1366 fines
710 1311 848 1384 ablegatum
859 1326 919 1378 esse,
931 1327 1010 1384 noque
1020 1311 1050 1366 de
1067 1325 1137 1365 cansa
1148 1309 1213 1364 illins

237 1394 285 1448 irae
297 1393 458 1458 controuersia
469 1399 518 1459 est,
535 1394 592 1466 quin
603 1394 674 1450 iidem
686 1410 768 1450 versus
780 1395 882 1459 inerint,
895 1411 955 1467 quos
971 1410 1035 1450 nune
1051 1393 1102 1448 Sat.
1114 1392 1164 1446 Vll.
1177 1396 1213 1449 90

239 1480 317 1535 -92
333 1477 436 1534 insertos
445 1476 554 1533 Paridem
568 1479 743 1548 pantomimum
762 1480 785 1534 in
802 1479 931 1534 Domitiani
949 1479 1002 1533 auia
1018 1475 1211 1548 potentissimum

172 1622 178 1632 ,
236 1560 324 1616 acerbe
334 1575 431 1632 carpere
443 1561 564 1625 videmus,
581 1563 645 1617 unde
661 1564 734 1617 etiam
745 1561 827 1619 Sidon.
840 1563 916 1632 Apoll.
929 1561 971 1616 tx.
982 1562 1033 1618 266
1049 1559 1106 1614 irati
1115 1558 1212 1612 histrio

235 1645 275 1698 oro
284 1643 376 1700 coelem
389 1645 528 1713 appellavit:
544 1652 568 1699 at
586 1652 610 1700 et
621 1646 716 1702 deloco
727 1647 791 1701 exilii
807 1651 832 1699 et
844 1646 873 1700 de
884 1647 1026 1714 imperatore
1037 1642 1081 1713 ipsi
1090 1656 1212 1713 gramma-

235 1727 277 1782 tici
287 1727 347 1782 adeo
358 1728 420 1782 inter
429 1743 457 1782 se
467 1727 610 1798 discrepant,
621 1736 649 1784 ut
659 1731 704 1784 nisi
715 1729 813 1785 internis
823 1728 971 1800 argumentis
981 1726 1091 1781 adhibitis
1101 1725 1212 1780 stabilem

235 1811 270 1866 rei
279 1811 410 1883 imaginem
421 1811 547 1881 concipere
560 1829 608 1868 non
625 1814 703 1868 liccat.
734 1811 847 1877 Quamuis
857 1811 921 1865 enim
935 1825 1036 1865 numero
1047 1809 1143 1880 plurimi
1153 1823 1212 1878 poe·
1281 1831 1282 1850 ι

236 1894 320 1949 tamin
332 1895 468 1967 Aegyptum
479 1896 580 1951 missum
592 1911 645 1953 esse
655 1897 756 1958 tradant,
770 1902 889 1950 tamenne
902 1894 927 1949 hi
937 1894 1034 1966 qrridem
1044 1895 1106 1948 inter
1116 1908 1143 1948 se
1154 1908 1212 1948 oon·
1281 1935 1282 1967 ,

235 1980 353 2041 sentiunt,
374 1979 417 2034 sed
434 1994 508 2050 quum
519 1980 558 2035 alii
575 1987 705 2035 extremam
716 1979 820 2052 Aegypti
832 1987 925 2048 partem
940 1984 983 2033 aut
993 1978 1112 2034 civitatem
1123 1976 1211 2030 Hoasin

236 2061 331 2130 (Schoi.
343 2062 363 2122 I·
379 2065 407 2131 l)
420 2063 458 2118 uel
475 2063 554 2118 Hoasa
565 2062 660 2131 (Schol.
673 2064 712 2117 Ν.
724 2067 772 2132 38)
791 2064 927 2130 nominent,
947 2062 1033 2118 Snidas
1056 2075 1111 2115 eum
1128 2058 1211 2115 Malata
1278 2091 1281 2102 ι

236 2146 419 2218 chronographo
428 2146 717 2220 deDomrtianoloqncns,
726 2138 807 2212 ὅστις,
820 2147 904 2219 inquit,
911 2141 1036 2217 βασιλεὺς
1043 2137 1152 2209 ἐξώρισε
1162 2159 1212 2194 ιον

233 2222 413 2300 Ἰουβενᾶλιον
424 2224 453 2283 ἐν
466 2225 637 2284 Πενταπόλει
648 2225 693 2285 ἐπὶ
703 2225 754 2299 τὴν
764 2225 885 2302 Λιβύηνε
898 2236 946 2283 tres
956 2224 1149 2298 deanueSootr'ot'
1158 2225 1213 2281 letti

232 2314 422 2386 praeposimmm
431 2313 469 2367 ret
484 2314 657 2382 praefecturam
668 2314 771 2367 militum
783 2327 837 2367 eum
854 2311 974 2381 accepisse
983 2316 1092 2372 narrant;
1110 2310 1211 2380 impera·

235 2404 313 2451 torem
329 2400 409 2450 autem
420 2395 481 2449 alius
491 2395 617 2450 Glandinm
637 2395 770 2458 Neronem,
789 2395 848 2448 alius
857 2393 997 2460 Traianum,
1010 2393 1106 2463 plurimi
1119 2400 1211 2449 tantum

239 2477 402 2532 Domitianum
413 2485 561 2540 memorerm
572 2493 650 2549 neque
661 2478 719 2533 adeo
731 2484 825 2547 tempus
837 2477 901 2532 exilii
916 2477 1001 2532 iisdem
1013 2477 1099 2532 finibus
1110 2478 1211 2532 circum·
1279 2505 1280 2508 ι

235 2560 355 2623 scribunt,
372 2561 435 2631 quod
453 2577 527 2633 quum
546 2578 608 2616 unus
619 2562 648 2616 ab
659 2567 766 2616 extrema
776 2561 905 2616 Domitiani
923 2567 1086 2633 aetatemque
1097 2562 1126 2617 ad
1137 2561 1211 2616 hnto·

235 2645 317 2699 ninum
324 2643 393 2698 Pium
405 2645 523 2709 extendat,
535 2645 574 2699 alii
586 2646 680 2700 exulem
691 2645 752 2700 iutra
763 2644 929 2700 brevissimum
938 2651 1034 2716 tempus
1044 2645 1111 2700 senio
1123 2660 1151 2699 ac
1162 2651 1210 2699 tae

235 2727 275 2783 dio
285 2728 349 2782 vitae
356 2727 490 2799 mentisque
501 2729 650 2800 aegritudine
662 2728 814 2800 absumptum
824 2729 970 2800 perhibeant,
985 2735 1021 2784 est
1033 2729 1105 2784 etiam
1115 2727 1200 2800 quiRo

235 2825 300 2866 mam
310 2825 447 2875 reversum,
466 2827 536 2884 poema
554 2810 686 2868 Martialem
701 2829 770 2868 erum
785 2829 834 2868 noo
850 2814 951 2877 olderm,
970 2829 1034 2868 oneo
1052 2813 1137 2867 celatia
1153 2827 1211 2866 auce

235 2896 309 2951 almo
319 2901 342 2950 et
349 2895 506 2968 ocmcpcsr'mo
516 2895 642 2952 tristitioet
652 2913 741 2969 uapore
753 2897 856 2971 periisse
865 2905 951 2954 narrat.
969 2895 1001 2949 Ει
1010 2896 1130 2950 denotatis
1141 2911 1210 2962 anno,

235 2995 307 3051 quem
323 2986 394 3050 poeta
409 2979 530 3051 attigerit,
543 2980 626 3052 reliqui
638 2996 732 3053 quoque
742 2982 774 3037 ita
785 2988 809 3036 et
818 2983 879 3038 inter
889 2996 916 3036 se
926 2986 950 3034 et
962 2995 1016 3035 cum
1024 2978 1152 3051 Borghesii
1163 2979 1211 3033 cal·

236 3063 296 3118 culis
307 3068 457 3134 oongmunt,
473 3069 501 3118 ut
517 3065 641 3137 octoginta
659 3065 760 3136 amplius
777 3081 851 3120 annos
872 3071 955 3120 natum
971 3063 1106 3118 Iuvenalem
1124 3063 1211 3118 obiisse

235 3161 279 3217 pro
291 3146 414 3217 explorato
426 3161 516 3218 ponere
525 3149 609 3211 liceat:
628 3149 652 3204 id
669 3149 747 3220 ipsum
764 3156 844 3204 tamen
860 3149 881 3203 si
901 3147 1080 3217 amplectimur,
1099 3162 1157 3201 sane
1167 3146 1210 3200 mi-

235 3244 289 3285 mm
301 3238 338 3285 est
354 3245 437 3285 senem
452 3233 647 3305 octogenarium,
669 3233 709 3305 qui
727 3234 820 3288 nullum
838 3237 907 3287 antea
918 3231 1017 3286 miiitiae
1028 3231 1151 3301 specimen
1162 3229 1210 3284 edi·

234 3313 321 3379 disset,
342 3315 435 3370 cohorti
450 3315 475 3371 in
492 3318 605 3373 extremis
619 3318 713 3387 imperii
729 3316 815 3372 finibus
832 3316 940 3372 tendenti
956 3315 1008 3370 sine
1025 3314 1111 3369 horum
1128 3313 1209 3370 finium

234 3397 341 3467 periculo
354 3399 448 3470 practici
458 3401 581 3472 potuisse;
599 3417 644 3456 neo
654 3401 734 3456 minus
750 3401 809 3456 iliud
820 3399 945 3464 miramur,
957 3399 1021 3470 quod
1039 3398 1084 3452 etsi
1097 3396 1147 3453 Sat.
1159 3396 1206 3451 XV.

233 3481 279 3537 suh
289 3481 407 3540 Hadriano
417 3486 530 3557 scriptam
542 3486 688 3542 esselumus
698 3484 782 3540 consul
796 3484 891 3550 evincit,
901 3484 1046 3540 Hadrianum
1054 3481 1118 3535 exitii
1129 3486 1209 3536 aucto·

234 3580 284 3622 rom
297 3583 367 3624 nemo
379 3570 447 3625 testis
455 3571 567 3641 prodidit,
578 3569 621 3627 sed
629 3569 668 3625 rel
678 3569 719 3641 qui
727 3569 857 3624 versiculos
867 3569 924 3624 odm
935 3575 1018 3623 eontra
1025 3565 1134 3621 Paridem
1144 3579 1209 3619 conr·
