2626 4006
513 235 639 283 suumn
659 237 707 282 lx.
1069 228 1105 290 61

125 377 296 438 liunimenta
318 383 422 450 togae,
446 373 508 433 duri
531 375 681 453 crassique
704 374 846 451 eoloris,-

124 460 159 521 llt
180 459 257 519 male
280 475 435 537 percussas
462 459 584 517 textoris
607 461 724 537 pectine
752 457 827 518 Galli
1071 471 1107 526 30

124 544 307 623 Accipimus,
330 551 417 601 tenue
443 549 592 617 argentum
614 559 765 619 venaeque
788 541 945 602 secundae.

122 626 193 687 Fata
215 633 319 704 regunt
340 625 486 692 homines;
509 625 598 684 latum
620 635 665 684 est
687 633 716 684 et
737 625 865 704 partibus
887 625 956 701 illis,

124 709 202 782 Quas
225 711 303 768 sinus
324 707 485 770 abscondit.
523 705 610 783 Nam,
633 710 657 767 si
679 708 731 768 tibi
753 710 848 769 sidera
870 719 997 786 cessant,

122 791 168 852 er
190 792 281 852 faciet
306 792 385 869 longi
407 809 541 851 mensura
567 793 713 869 incognita
735 793 827 866 nervi,

122 874 260 948 Quamuis
284 883 313 934 te
337 875 441 935 nudum
465 876 605 954 spumanti
625 875 710 934 Virro
734 875 843 936 labello
1069 885 1104 940 35

120 959 234 1020 Viderit
260 967 289 1018 et
312 957 436 1018 blandae
458 959 574 1018 assidue
598 958 766 1038 densaeque
788 958 915 1019 tabellae

121 1041 302 1110 Sollicitent;
325 1035 413 1114 αὐτὸς
436 1033 494 1122 γὰρ
515 1039 666 1118 ἐφέλκεται
689 1037 784 1121 ἄνδρα
806 1043 946 1114 κίναιδος.

122 1124 207 1198 Quod
227 1135 323 1186 tamen
343 1125 464 1185 ulterius
485 1133 657 1201 monstrum,
681 1145 765 1204 quam
787 1126 883 1185 mollis
905 1122 1029 1186 avarus?
1112 1156 1116 1164 ·

121 1207 203 1268 llaec
224 1209 321 1285 tribui,
347 1208 452 1268 deinde
473 1208 524 1269 illa
546 1209 628 1285 dedi,
653 1226 722 1288 mox
742 1209 826 1288 plura
847 1208 1008 1269 tulisti:-

122 1289 332 1370 computatae
356 1301 451 1352 cavet.
484 1292 610 1352 Ponatur
632 1293 779 1368 calculus,
802 1292 895 1353 adsint
1070 1305 1105 1357 4⁰

121 1371 195 1434 Cum
217 1375 314 1436 tabula
336 1377 434 1454 pueri:
456 1393 573 1434 numera
595 1378 731 1436 sestertia
752 1378 879 1455 quinque

120 1457 261 1518 Omnibus
284 1460 312 1518 in
332 1459 440 1534 rebus,
465 1468 650 1519 numerentur
670 1460 776 1520 deinde
802 1458 931 1519 labores.

121 1542 167 1601 An
189 1541 276 1602 iacile
300 1552 330 1602 et
350 1559 471 1622 pronum
494 1551 539 1603 est
561 1559 650 1620 agere
673 1544 746 1603 intra
768 1544 883 1602 viscere
905 1560 1010 1619 penem

120 1624 291 1703 Legitimum
314 1634 400 1704 atque
425 1627 486 1686 illic
508 1626 663 1686 hesternae
686 1643 844 1686 occurrere
867 1623 999 1686 coenae?

120 1709 233 1770 Servus
256 1710 311 1770 erit
331 1710 422 1769 minus
445 1709 495 1768 ille
519 1711 628 1786 miser,
652 1711 699 1788 qui
724 1708 831 1769 foderit
851 1727 961 1786 agrurn,
1068 1720 1102 1773 45

121 1791 215 1865 Quam
238 1793 390 1853 dominum.
427 1792 487 1852 Sed
507 1802 537 1852 tu
560 1810 630 1853 sanc
652 1802 783 1853 tenerum
807 1801 836 1851 et
858 1811 979 1870 puerum
1000 1801 1029 1851 te

7 1915 8 1948 3
119 1875 158 1936 Et
182 1876 334 1955 pulchrum
355 1886 385 1936 et
405 1877 520 1954 dignum
543 1877 647 1952 cyatho
671 1876 816 1956 coeloque
840 1877 977 1954 putabas;

7 1953 8 1982 ¹
119 1959 182 2019 Vos
206 1959 304 2020 humili
326 1959 495 2036 asseculae,
516 1976 570 2019 vos
592 1960 778 2037 indulgebitis
801 1978 932 2038 umquam

121 2041 250 2119 cultori,
274 2045 329 2102 iam
351 2062 409 2103 nec
429 2043 530 2102 morbo
556 2044 664 2103 donare
686 2041 800 2122 parati?

119 2125 165 2185 lln
188 2127 235 2186 cui
255 2135 285 2186 tu
299 2127 428 2196 ‚viridem
443 2126 617 2201 umbellam,
639 2127 684 2186 cui
707 2127 823 2185 succina
844 2126 938 2185 mittas
1069 2137 1102 2188 to

121 2208 261 2285 Grandia,
286 2209 390 2270 natalis
411 2210 526 2289 quoties
549 2210 625 2269 redii
646 2219 693 2269 aut
713 2209 855 2270 madidum
876 2226 929 2268 uer

119 2291 224 2371 lncipit
246 2301 276 2356 et
300 2302 387 2354 strata
410 2294 522 2372 positus
543 2294 689 2371 longaque
714 2291 851 2359 cathedra

119 2375 242 2436 hlnnera
261 2376 394 2437 femineis
416 2386 521 2438 tractat
544 2386 659 2437 secreta
681 2375 828 2436 kalendis!

119 2459 190 2536 llic,
215 2477 334 2538 passer,
360 2461 468 2534 enitet
490 2470 619 2536 montes,
645 2469 689 2519 tot
709 2459 827 2538 praedia
849 2476 950 2519 servas

120 2543 253 2623 Appula,
275 2553 319 2603 tot
340 2544 445 2605 milvos
466 2545 539 2605 intra
563 2553 611 2605 tua
634 2552 742 2622 pascua
763 2539 880 2602 lassos?
1070 2551 1103 2604 55

120 2626 162 2687 Te
191 2625 348 2687 Trifolinus
371 2646 441 2705 ager
462 2627 593 2688 fecundis
615 2628 720 2688 vitibus
744 2626 856 2706 implet,

120 2713 354 2791 suspectumque
376 2713 472 2790 iugum
495 2710 593 2772 Gumis
615 2720 645 2771 et
664 2711 773 2772 Gaurus
797 2712 888 2770 inanis
911 2743 954 2757 -

120 2792 192 2853 Nam
215 2795 278 2872 quis
301 2794 384 2871 plora
406 2795 469 2855 linit
489 2797 602 2856 victuro
624 2794 703 2855 delia
724 2791 841 2854 masto?
861 2827 903 2838 -

122 2877 265 2950 Quantum
289 2886 352 2938 erat
373 2878 506 2938 exhausti
528 2878 641 2939 lumbos
663 2877 771 2937 donare
795 2876 907 2936 clientis

121 2958 273 3038 iugeribus
297 2962 413 3039 paneis!
437 2962 576 3022 meliusne
597 2962 645 3021 hic
666 2962 789 3020 rusticus
811 2959 904 3019 inians
1070 2967 1105 3020 60

123 3041 191 3102 Gum
214 3053 306 3104 matre
330 3054 359 3106 et
382 3045 488 3106 casulis
508 3055 539 3105 et
560 3045 715 3106 conlusore
739 3043 845 3104 catello

122 3123 260 3202 Cymbala
285 3128 426 3207 pulsantis
449 3129 576 3206 legatum
598 3129 648 3188 liet
671 3125 774 3188 amici?
882 3171 885 3177 .

123 3206 275 3288 lmprobus
302 3229 351 3288 es,
375 3231 461 3291 quum
486 3214 604 3291 poscis,
628 3214 675 3272 ait.
692 3241 735 3258 —·
753 3209 813 3268 Sed
835 3209 937 3286 pensio
961 3208 1063 3271 clamat

123 3290 231 3362 l'osce;
256 3294 309 3354 sed
332 3296 463 3374 appellat
484 3315 558 3375 puer
579 3297 695 3372 unicus,
717 3305 748 3355 ut
767 3294 937 3372 Polyphemi
1061 3313 1064 3319 ·

127 3371 190 3437 hala
212 3377 309 3454 acies,
333 3397 387 3456 per
408 3397 492 3458 qnam
513 3379 619 3439 sollers
641 3381 734 3440 evasit
754 3378 865 3442 Ulixes.
1071 3385 1104 3438 65

127 3457 206 3519 hlter
232 3462 370 3522 emendus
396 3465 466 3539 erit,
489 3481 611 3543 numque
634 3464 681 3523 hic
703 3480 760 3522 non
781 3462 902 3536 suflicit,
927 3459 1011 3519 ambo
