2600 4006
187 246 223 308 16
508 259 544 305 n.
566 258 638 305 run.
660 255 846 304 ruvuusnrs

184 399 288 460 hectus
311 406 374 458 erut
395 395 492 457 (lodro
515 395 640 456 Procula
661 397 769 471 minor,
793 396 906 456 urceoli
928 415 993 473 sex,

184 481 386 542 Ornamentum
408 480 509 557 abaci,
532 498 588 539 uec
610 497 668 538 nou
690 489 719 538 et
737 479 874 557 parvulus
894 479 967 540 inira

184 566 344 627 (lantherus
368 574 398 625 et
420 563 564 624 recubans
586 563 638 622 sub
662 562 766 623 eodem
787 581 930 624 marmore
954 561 1075 624 Chiron·
1124 572 1177 624 tot

182 650 301 729 lamque
324 658 410 708 vetus
432 665 561 723 graecos
582 646 718 707 servabat
741 647 811 708 cista
834 647 963 724 libellos,

182 733 220 795 lit
241 733 336 793 divina
356 734 435 810 opici
455 731 598 792 rodebant
620 731 746 791 carmina
766 749 873 792 mores.

182 817 230 878 Nil
248 816 347 877 habuit
366 814 495 885 (iodrum
517 817 581 895 quis
605 816 679 874 enim
698 812 808 892 negati
831 824 861 876 et
883 825 978 877 tamen
999 814 1070 877 illud

183 900 311 963 Perdidit
329 899 431 959 infelix
453 907 544 958 totum
565 898 652 959 nihil:
674 898 791 958 ultimus
810 908 906 959 autem

183 984 348 1044 Aerumnae
365 993 410 1043 cst
427 982 574 1059 cumulus,
591 983 667 1061 quod
686 982 790 1043 nodum
805 992 835 1043 et
849 983 942 1045 irusta
957 993 1109 1062 rogantem
1125 993 1179 1045 210
1297 1026 1298 1049 t

182 1067 276 1128 Nemo
301 1067 385 1142 cibo,
409 1083 494 1126 nemo
517 1065 644 1144 hospitio
664 1075 805 1146 tectoque
822 1068 941 1128 iuvabit.

184 1154 215 1212 Si
234 1169 339 1228 magna
361 1150 491 1210 Asturici
512 1150 622 1220 cecidit
643 1150 762 1225 domus,
784 1149 903 1212 horrida
922 1161 1025 1228 mater,

184 1234 288 1295 Pullati
309 1251 469 1313 proceres,
490 1233 587 1294 differt
608 1232 771 1296 vadimonia
789 1244 923 1312 praetor;

184 1318 265 1378 'l'unc
285 1319 427 1395 gemimus
449 1335 534 1378 casus
554 1316 652 1394 urbis,
669 1326 737 1378 tunc
757 1318 870 1379 odimus
889 1319 995 1397 ignem.

184 1403 278 1463 Ardet
299 1401 410 1478 adhuc,
433 1410 463 1461 et
486 1403 542 1462 iarn
562 1402 689 1462 accurrit
711 1403 759 1481 qui
777 1419 920 1463 marmora
942 1403 1040 1477 donet,
1124 1411 1178 1463 215

185 1484 326 1546 Conferat
349 1487 511 1564 impensas:
534 1484 581 1545 hio
601 1485 676 1546 nuda
699 1494 728 1544 et
751 1485 872 1548 candida
894 1488 988 1564 sigua,

184 1569 238 1630 llic
257 1570 367 1649 aliquid
390 1569 572 1648 praeclarum
591 1568 789 1648 Euphranoris
809 1577 838 1629 et
856 1569 1002 1646 Polycliti,

184 1653 264 1714 llaec
287 1653 460 1713 Asianorum
483 1660 586 1713 vetera
607 1662 773 1713 ornamenta
795 1653 926 1730 deorum,

184 1737 237 1797 Hic
261 1735 353 1796 libros
375 1736 453 1796 dabit
471 1745 501 1796 et
520 1734 633 1796 forulos
655 1735 838 1815 mediamque
857 1735 1026 1813 blinervaru,

186 1821 238 1880 llic
260 1818 386 1879 modium
406 1820 535 1896 argenti;
557 1818 679 1879 meliora
701 1836 736 1879 ac
755 1818 839 1897 plura
857 1822 975 1899 reponit
1125 1829 1180 1881 220

185 1902 321 1964 Persicus
344 1901 481 1963 orborum
501 1902 677 1963 lautissimus
697 1912 727 1963 et
746 1904 850 1964 merito
872 1905 928 1964 iarn

185 1990 364 2066 Suspectus,
385 1995 527 2066 tamquam
549 1988 613 2065 ipse
635 2005 702 2047 suas
720 1987 881 2048 incenderit
902 1988 1003 2049 aedes.

185 2072 217 2131 Si
236 2079 323 2149 potes
345 2070 434 2130 avelli
452 2070 651 2147 circensibus,
675 2073 783 2149 optima
801 2072 894 2132 Sorae

185 2156 243 2215 Aut
258 2152 445 2214 Fabrateriae
466 2155 567 2215 domus
589 2163 638 2215 aut
659 2153 820 2215 Frusinone
842 2165 970 2234 paratur,

155 2312 159 2319 Ι
186 2239 291 2312 Quanti
312 2256 388 2298 nunc
409 2239 548 2300 tenebras
569 2256 654 2298 unum
677 2239 815 2299 conducis
833 2241 861 2297 in
882 2257 994 2299 annum.
1125 2249 1179 2300 225

184 2321 323 2382 llortulus
344 2321 392 2381 hic
411 2332 575 2401 puteusque
596 2320 695 2381 brevis
714 2340 770 2381 nec
789 2331 869 2380 reste
888 2321 1047 2383 movendus

185 2406 217 2467 ln
238 2415 342 2466 tenues
358 2404 471 2483 plantas
493 2405 572 2464 iacili
597 2403 761 2465 diffunditur
781 2403 893 2464 haustu.

184 2489 260 2549 Vive
283 2487 408 2549 bidentis
428 2506 526 2548 amans
548 2495 578 2547 et
597 2487 665 2546 culti
698 2488 801 2547 vilicus
819 2487 907 2564 horti,

185 2572 270 2632 Unde
293 2570 410 2649 epulum
431 2573 529 2650 possis
552 2579 665 2630 centnm
685 2569 755 2631 dare
777 2569 979 2649 Pythagoreis.

185 2655 239 2716 Est
260 2654 384 2733 aliquid,
405 2671 588 2733 quocumque
613 2654 698 2730 loco,
723 2671 904 2735 quocumque
926 2673 1059 2730 recessu,
1125 2663 1180 2716 23⁰

185 2739 276 2799 Unius
299 2756 368 2798 sese
391 2738 533 2798 dominum
554 2739 665 2798 iecisse
687 2738 827 2798 lacertae.

228 2821 368 2882 Plurimus
391 2820 440 2882 hic
461 2840 553 2899 aeger
574 2824 695 2882 moritur
712 2821 876 2898 vigilando;
898 2822 952 2882 sed
974 2822 1067 2899 ipsum

185 2906 368 2984 Languorem
387 2907 504 2985 peperit
527 2906 607 2966 cibus
627 2905 816 2983 imperfectus
840 2914 869 2964 et
886 2904 1011 2965 haerens

185 2989 309 3051 Ardenti
328 2990 493 3060 stomacho;
515 3005 579 3049 nam
600 3008 675 3070 quae
695 2990 843 3050 meritoria
863 3005 992 3048 somnum

185 3070 364 3133 Admittunt?
384 3075 495 3151 magnis
516 3073 620 3151 opibus
641 3073 779 3133 dormitur
800 3074 829 3130 in
847 3071 929 3131 urbe.
1123 3079 1179 3133 235

185 3156 256 3217 lude
280 3166 365 3235 caput
384 3157 494 3226 morbi:
514 3157 648 3217 redarum
670 3157 805 3217 transitus
827 3163 891 3215 arto

184 3240 323 3301 Vicorum
342 3241 450 3301 inflexu
472 3250 501 3300 et
522 3240 622 3300 stantis
643 3239 775 3299 convicia
796 3237 932 3298 mandrae

185 3323 318 3403 Eripient
339 3343 469 3385 somnum
488 3323 585 3384 Druso
607 3323 763 3401 vitulisque
783 3320 908 3381 marinis.

186 3409 217 3468 Si
240 3419 327 3470 vocat
349 3408 493 3483 cilicium,
514 3406 597 3466 turba
620 3406 744 3466 cedente
766 3405 889 3465 vehetur

184 3491 275 3552 Dives
297 3501 327 3552 ot
348 3493 458 3569 ingenti
480 3499 577 3550 curret
596 3507 685 3566 super
707 3505 757 3548 ora
776 3488 912 3563 Liburno,
1125 3497 1180 3552 tao
