2600 4006
218 245 280 292 VIII
460 267 464 274 ·
603 242 811 291 PRAEFATIO.

214 388 250 444 ris
260 386 462 458 locupletissimus
473 393 557 443 auctor
566 389 625 443 satis
635 389 711 455 cauit,
723 395 752 442 ut
762 388 858 444 exilium
869 393 955 458 poetae
966 403 980 442 a
990 388 1074 442 mortis
1084 394 1194 458 temporo

214 471 384 544 emungamum
401 485 472 542 quem
490 471 553 542 quod
570 471 610 526 ille
625 472 707 527 statim
717 479 773 542 post
784 478 896 542 acceptos
911 471 1034 527 codicillos
1045 471 1123 526 animo
1136 486 1193 526 ooo·

213 561 346 612 ominatum
357 570 387 611 ex
398 555 548 628 aegritudine
558 555 646 611 obiisse
657 557 742 616 iactat.
760 571 792 610 ne
804 556 825 610 si
835 555 961 611 Traianum
972 556 1068 627 quidem
1079 556 1193 610 retinere·
1284 617 1285 626 χ

214 655 284 708 mus,
296 639 352 695 ferri
363 646 458 710 posset,
475 639 530 711 quia
541 639 676 696 Iuvenalem
693 640 722 696 ad
733 639 878 696 Hadrianum
894 655 969 710 usque
985 640 1073 694 vixisse
1089 646 1191 706 constat,
1284 647 1285 674 ³

214 724 303 779 ocdurn
316 725 337 778 si
347 722 523 788 Domitianum,
542 739 589 795 quo
606 731 701 780 mortuo
717 725 742 778 in
752 725 852 794 patriam
872 738 994 778 reuersum
1011 739 1064 778 esse
1078 723 1116 778 uel
1133 723 1193 793 lapis
1284 751 1285 770 ι

214 807 255 862 ille
270 808 364 878 arguit;
386 809 452 879 atpri
468 821 499 863 oc
509 807 556 863 hoc
571 808 669 880 quidem
686 823 770 863 omncs
787 807 945 862 communiter
962 807 1070 874 tradunt,
1087 807 1129 862 sed
1148 807 1192 861 etsi

213 896 307 946 mature
327 891 390 961 apud
403 892 575 963 grammaticos
591 906 619 947 ea
636 892 716 962 opinio
738 891 865 946 invaluisse
881 891 988 959 videtur,
1010 898 1037 945 ut
1056 891 1127 946 exilio
1144 907 1192 945 noo

214 975 255 1031 diu
270 981 392 1044 superstes
410 974 482 1029 luisse
492 975 642 1040 crederetur,
660 991 723 1030 uuus
739 981 819 1030 tamen
829 975 909 1044 ipsum
920 975 1017 1028 exilium
1030 990 1043 1028 a
1054 973 1192 1030 Domitiano
1275 977 1277 982 ’

214 1059 244 1113 ad
254 1057 400 1112 Antoninum
410 1073 486 1128 usque
499 1059 636 1126 continuat,
655 1059 716 1114 alter
728 1059 767 1114 rel
785 1064 958 1129 praematuram
969 1065 1072 1112 mortem
1088 1074 1143 1112 oum
1154 1073 1192 1112 re·

213 1142 265 1198 ditu
280 1141 310 1196 alr
328 1141 399 1196 exilio
410 1141 504 1213 iungit;
522 1157 569 1214 qua
584 1143 609 1197 in
625 1142 767 1198 confusione
782 1142 841 1197 nihil
856 1141 927 1197 nobis
937 1141 1088 1212 relinquitur,
1107 1142 1153 1197 nisi
1164 1149 1191 1196 ut

213 1231 292 1280 morte
302 1231 327 1280 et
343 1224 414 1280 exilio
425 1240 523 1294 prorsus
534 1227 596 1281 iuter
606 1241 633 1280 se
641 1227 767 1296 disparatis
784 1226 814 1282 de
823 1231 926 1296 utroque
936 1225 961 1281 id
970 1240 1114 1296 sequanam,
1126 1227 1191 1297 quod

213 1316 254 1364 aut
265 1315 406 1381 argumenta
423 1324 454 1363 ex
469 1309 549 1366 sobria
565 1310 663 1365 testium
679 1310 855 1365 existimatione
871 1310 971 1379 repetita
995 1315 1037 1363 aut
1054 1317 1190 1380 temporum
1284 1331 1285 1368 r

213 1399 284 1447 notae
294 1393 352 1463 ipsis
363 1398 450 1462 poetae
460 1394 538 1449 satiris
548 1393 678 1464 impressae
687 1394 864 1450 commendent.
1284 1451 1285 1460 ,

296 1477 451 1532 Haecautem
468 1493 497 1532 eo
508 1477 643 1548 potiusnos
655 1478 804 1543 maduerat,
823 1486 849 1533 ut
860 1493 943 1533 omnes
954 1477 1139 1548 quashabemus
1151 1492 1189 1532 sa·
1284 1525 1285 1542 ,

211 1561 269 1616 tiras
278 1566 334 1632 post
345 1546 442 1616 exilium
454 1561 550 1618 demum
567 1562 717 1634 reditumque
734 1577 765 1617 ex
775 1562 896 1617 Britannia
913 1562 1013 1631 scriptas
1033 1575 1086 1616 cose
1097 1568 1188 1619 certium
1284 1561 1285 1566 ’

212 1645 252 1701 sit.
282 1644 343 1700 Nam
353 1645 494 1700 admodum
507 1647 559 1717 sere
575 1653 672 1702 odotem
687 1661 805 1702 consensu
815 1647 913 1701 testium
929 1645 1078 1708 dedmnomt,
1095 1645 1143 1699 hoc
1153 1652 1189 1702 est

211 1728 420 1783 exercitationibus
431 1735 455 1782 et
466 1730 665 1785 ostentationibus
675 1729 801 1785 rhetoricis
813 1745 910 1800 operam
927 1729 1004 1797 dedit,
1022 1728 1098 1784 amno
1112 1729 1188 1800 maqia

211 1828 290 1876 mou,
298 1813 438 1886 perpet
446 1813 539 1868 ordume
549 1831 574 1868 ae
585 1821 626 1869 cart
633 1815 688 1885 soro
689 1821 854 1885 praepararet,
866 1814 924 1868 satis
933 1813 1044 1868 nimirum
1053 1813 1184 1877 commode,

210 1901 238 1951 ut
247 1895 320 1951 iidem
330 1897 482 1967 grammatici
491 1905 625 1963 testantur,
644 1912 694 1952 are
705 1899 813 1954 familiari
824 1899 981 1962 constitutus,
994 1905 1022 1952 ut
1033 1898 1073 1969 qul
1084 1895 1187 1951 libertina

210 1979 331 2051 haurietis
341 1979 454 2034 torcamo
462 1980 528 2052 filius
537 1999 572 2037 co
582 1983 690 2038 dmnnus
704 1983 738 2036 ad
749 1982 862 2056 equertna
881 1981 975 2036 ordinis
985 1981 1123 2053 &pollutae
1128 1997 1186 2052 per-

209 2063 327 2126 vertisset:
349 2078 396 2134 quo
416 2066 532 2135 temporis
548 2067 625 2137 spatio
643 2067 715 2121 etiam
730 2081 787 2121 cum
803 2066 910 2122 Martiale
924 2065 1107 2122 familiaritatem
1122 2064 1188 2119 illam
1284 2109 1285 2114 ,

210 2147 298 2211 unxit,
317 2147 386 2202 ouius
403 2147 443 2202 hic
459 2147 617 2206 honorificum
635 2158 659 2205 ct
676 2165 751 2220 paene
769 2150 870 2205 dixerim
887 2149 986 2204 nimium
1003 2154 1188 2205 monumentum
1281 2127 1285 2188 Ὗ

209 2230 293 2302 Epigr.
304 2230 354 2286 vll.
366 2233 400 2286 at
411 2233 521 2304 reliquit:
537 2249 616 2306 neque
626 2234 709 2290 amicis
726 2241 791 2288 certe
800 2234 960 2304 eloquentiam
972 2234 1023 2287 eius
1038 2233 1188 2300 displicuisse
1284 2243 1285 2312 j

207 2315 308 2388 [condi
318 2315 444 2384 appellatio
462 2318 522 2385 apud
535 2318 638 2373 eundem
653 2317 702 2372 Vll.
714 2320 748 2374 91
760 2316 880 2378 declarat3
901 2331 931 2370 ex
941 2316 1024 2370 eadem
1038 2321 1118 2369 autern
1129 2321 1188 2370 cori·

208 2398 335 2454 suetudine
344 2397 408 2453 haud
418 2398 468 2452 scio
486 2414 514 2453 an
526 2401 629 2469 primurn
646 2400 714 2455 illum
725 2407 838 2453 conatum
856 2399 978 2468 poeticum
987 2404 1096 2468 repetere
1107 2399 1186 2466 liccat,

209 2496 280 2554 quem
290 2483 437 2553 quumritae
447 2483 577 2552 scrIptores
585 2499 684 2553 parumn
694 2482 793 2537 sotdcm
803 2482 937 2553 appellent,
955 2483 1066 2553 equidem
1076 2484 1187 2552 superius

181 2581 196 2609 ·
208 2566 237 2620 ad
248 2564 472 2636 epigrammaticum
483 2580 562 2637 genus
571 2581 684 2622 reuocare
695 2566 776 2621 malui.
787 2567 882 2637 Aliquid
892 2567 974 2637 utique
982 2567 1054 2621 etiam
1065 2567 1187 2638 epigram-

208 2649 266 2703 mati
285 2663 340 2703 cum
352 2648 424 2703 satira
441 2663 571 2704 commune
586 2657 635 2714 est,
654 2665 700 2706 neo
716 2649 779 2721 qnod
793 2649 907 2705 Martiale
917 2650 948 2708 lt
960 2653 995 2708 33
1006 2651 1056 2706 suis
1066 2651 1186 2722 epigram·

207 2732 278 2787 matis
288 2732 438 2802 propositum
450 2748 502 2788 esse
512 2739 597 2799 iactat,
606 2751 707 2806 potuere
713 2750 833 2805 posonen,
846 2735 925 2790 dirce
934 2735 964 2790 de
973 2735 1046 2800 nidd,
1059 2735 1184 2790 satirarrun
1284 2759 1285 2794 l

206 2815 309 2887 scriptor
320 2831 334 2870 a
344 2831 371 2871 se
389 2816 492 2872 alienum
507 2818 612 2888 putabit;
628 2819 681 2890 ipso
696 2825 777 2877 tamen
794 2833 884 2891 genere
899 2819 963 2875 alind
979 2826 1016 2874 est
1026 2820 1184 2891 epigramma,
1284 2817 1285 2842 ³

207 2900 271 2972 quod
280 2916 311 2955 ne
327 2901 385 2956 uitia
394 2902 491 2973 quidem
501 2902 570 2958 aliter
580 2918 609 2958 ac
619 2903 704 2958 ludens
714 2903 805 2975 tangit,
825 2903 889 2959 aliud
900 2904 984 2969 satira,
1004 2902 1116 2975 quaenbi
1127 2905 1185 2958 uitia

206 2984 352 3056 ioscqnitur,
369 3000 523 3056 nepersonaa
533 2987 629 3060 quidem
640 2987 742 3043 intactas
752 2987 988 3059 relioquerepotest;
1004 3003 1075 3059 quarn
1086 2986 1114 3041 ad
1128 3003 1185 3042 nor·

206 3083 270 3122 marn
286 3069 307 3123 si
322 3069 453 3126 uersiculos
464 3071 519 3126 illos
534 3087 577 3142 per
587 3085 615 3126 se
623 3072 689 3127 solos
705 3071 838 3144 exigimus,
850 3071 913 3127 haud
924 3072 975 3126 scio
987 3087 1016 3126 an
1026 3071 1093 3126 lusus
1103 3072 1185 3140 potius

205 3167 277 3222 quam
294 3153 416 3207 censoriae
425 3155 551 3225 gravitatis
562 3161 644 3210 notam
655 3162 756 3227 gernum
768 3169 815 3210 neo
824 3156 888 3227 quod
900 3155 998 3210 cosdem
1008 3154 1092 3209 maiori
1103 3161 1185 3223 poste·

205 3236 255 3291 rius
265 3235 352 3291 satirae
362 3236 481 3292 luvenalis
491 3237 603 3302 inseruit,
621 3239 843 3311 epigrammaticam
853 3239 949 3294 illorum
961 3239 1065 3294 indolem
1083 3237 1184 3301 minorita

205 3320 280 3376 immo
296 3327 412 3391 quantum
423 3320 533 3393 equidem
548 3323 639 3390 sentio,
653 3323 677 3377 iu
693 3322 745 3377 aliis
763 3338 859 3394 quoque
876 3323 1002 3377 satirarum
1014 3323 1064 3376 eius
1075 3322 1185 3392 partibus

205 3403 285 3459 lusum
296 3409 321 3458 et
331 3403 521 3480 indignationem
536 3412 586 3461 tarn
598 3421 672 3478 aegre
688 3406 821 3471 discernas,
840 3412 868 3461 ut
887 3406 1006 3462 interdurn
1022 3407 1185 3478 epigramma-

205 3491 257 3542 taur
268 3487 348 3558 potius
365 3489 452 3544 seriem
464 3489 518 3545 laxa
533 3491 705 3546 sententiarum
716 3490 873 3546 continuitate
889 3489 996 3545 iunctam
1009 3490 1093 3562 legere
1103 3488 1186 3544 videa·

199 3571 251 3634 rina
270 3571 335 3643 quod
345 3572 386 3627 ubi
397 3573 426 3629 ad
441 3580 547 3632 ueterem
558 3575 687 3630 iuventutis
698 3573 895 3630 consuctudInem
911 3589 1013 3644 revoco,
1032 3573 1187 3629 hoctamum
