<?xml version="1.0" encoding="UTF-8"?>
<!DOCTYPE html PUBLIC "-//W3C//DTD XHTML 1.0 Transitional//EN"
    "http://www.w3.org/TR/xhtml1/DTD/xhtml1-transitional.dtd">
<html xmlns="http://www.w3.org/1999/xhtml" xml:lang="en" lang="en">
 <head>
  <title>
</title>
<meta http-equiv="Content-Type" content="text/html;charset=utf-8" />
  <meta name='ocr-system' content='tesseract 3.04.00' />
  <meta name='ocr-capabilities' content='ocr_page ocr_carea ocr_par ocr_line ocrx_word'/>
</head>
<body>
  <div class='ocr_page' id='page_1' title='image "./satirarumlibriq03juvegoog_0114.png"; bbox 0 0 2626 4006; ppageno 0'>
   <div class='ocr_carea' id='block_1_1' title="bbox 497 221 675 269">
    <p class='ocr_par' dir='ltr' id='par_1_1' title="bbox 497 221 675 269">
     <span class='ocr_line' id='line_1_1' title="bbox 497 221 675 269; baseline -0.017 0"><span class='ocrx_word' id='word_1_1' title='bbox 497 221 621 269; x_wconf 69' lang='lat' dir='ltr'><strong>sartan</strong></span> <span class='ocrx_word' id='word_1_2' title='bbox 640 221 675 267; x_wconf 83' lang='lat' dir='ltr'><strong>X.</strong></span> 
     </span>
    </p>
   </div>
   <div class='ocr_carea' id='block_1_2' title="bbox 112 360 1105 1862">
    <p class='ocr_par' dir='ltr' id='par_1_2' title="bbox 112 360 890 439">
     <span class='ocr_line' id='line_1_2' title="bbox 112 360 890 439; baseline -0.009 -13"><span class='ocrx_word' id='word_1_3' title='bbox 112 366 193 426; x_wconf 90' lang='lat' dir='ltr'><strong>llaec</strong></span> <span class='ocrx_word' id='word_1_4' title='bbox 215 363 281 423; x_wconf 87' lang='lat' dir='ltr'><strong>data</strong></span> <span class='ocrx_word' id='word_1_5' title='bbox 303 377 398 439; x_wconf 91' lang='lat' dir='ltr'><strong>poena</strong></span> <span class='ocrx_word' id='word_1_6' title='bbox 423 360 471 420; x_wconf 92' lang='lat' dir='ltr'><strong>diu</strong></span> <span class='ocrx_word' id='word_1_7' title='bbox 496 360 673 434; x_wconf 87' lang='lat' dir='ltr'><strong>viventibus,</strong></span> <span class='ocrx_word' id='word_1_8' title='bbox 700 369 729 418; x_wconf 94' lang='lat' dir='ltr'><strong>ut</strong></span> <span class='ocrx_word' id='word_1_9' title='bbox 752 370 890 419; x_wconf 84' lang='lat' dir='ltr'><strong>renovata</strong></span> 
     </span>
    </p>

    <p class='ocr_par' dir='ltr' id='par_1_3' title="bbox 112 443 901 527">
     <span class='ocr_line' id='line_1_3' title="bbox 112 443 901 527; baseline -0.011 -16"><span class='ocrx_word' id='word_1_10' title='bbox 112 452 237 527; x_wconf 79' lang='lat' dir='ltr'><strong>Semper</strong></span> <span class='ocrx_word' id='word_1_11' title='bbox 262 444 346 506; x_wconf 92' lang='lat' dir='ltr'><strong>clade</strong></span> <span class='ocrx_word' id='word_1_12' title='bbox 373 443 474 504; x_wconf 89' lang='lat' dir='ltr'><strong>domus</strong></span> <span class='ocrx_word' id='word_1_13' title='bbox 500 444 595 503; x_wconf 87' lang='lat' dir='ltr'><strong>multis</strong></span> <span class='ocrx_word' id='word_1_14' title='bbox 617 447 645 504; x_wconf 93' lang='lat' dir='ltr'><strong>in</strong></span> <span class='ocrx_word' id='word_1_15' title='bbox 667 443 791 505; x_wconf 91' lang='lat' dir='ltr'><strong>luctibus</strong></span> <span class='ocrx_word' id='word_1_16' title='bbox 814 445 901 521; x_wconf 90' lang='lat' dir='ltr'><strong>inque</strong></span> 
     </span>
    </p>

    <p class='ocr_par' dir='ltr' id='par_1_4' title="bbox 112 529 1100 776">
     <span class='ocr_line' id='line_1_4' title="bbox 112 529 1100 610; baseline -0.008 -18"><span class='ocrx_word' id='word_1_17' title='bbox 112 534 260 610; x_wconf 89' lang='lat' dir='ltr'><strong>Perpetuo</strong></span> <span class='ocrx_word' id='word_1_18' title='bbox 285 544 418 588; x_wconf 87' lang='lat' dir='ltr'><strong>maerore</strong></span> <span class='ocrx_word' id='word_1_19' title='bbox 440 537 469 588; x_wconf 89' lang='lat' dir='ltr'><strong>et</strong></span> <span class='ocrx_word' id='word_1_20' title='bbox 490 529 572 604; x_wconf 82' lang='lat' dir='ltr'><strong>nigra</strong></span> <span class='ocrx_word' id='word_1_21' title='bbox 594 537 677 587; x_wconf 86' lang='lat' dir='ltr'><strong>veste</strong></span> <span class='ocrx_word' id='word_1_22' title='bbox 700 536 865 586; x_wconf 80' lang='lat' dir='ltr'>senescant.</span> <span class='ocrx_word' id='word_1_23' title='bbox 1046 539 1100 594; x_wconf 74' lang='lat'><strong>245</strong></span> 
     </span>
     <span class='ocr_line' id='line_1_5' title="bbox 113 609 960 690; baseline -0.007 -14"><span class='ocrx_word' id='word_1_24' title='bbox 113 617 179 676; x_wconf 85' lang='lat' dir='ltr'><strong>llex</strong></span> <span class='ocrx_word' id='word_1_25' title='bbox 204 613 318 688; x_wconf 76' lang='lat' dir='ltr'><strong>Pylius,</strong></span> <span class='ocrx_word' id='word_1_26' title='bbox 345 629 449 688; x_wconf 81' lang='lat' dir='ltr'><strong>magno</strong></span> <span class='ocrx_word' id='word_1_27' title='bbox 474 613 500 671; x_wconf 91' lang='lat' dir='ltr'><strong>si</strong></span> <span class='ocrx_word' id='word_1_28' title='bbox 525 612 679 690; x_wconf 85' lang='lat' dir='ltr'><strong>quidquam</strong></span> <span class='ocrx_word' id='word_1_29' title='bbox 703 610 799 670; x_wconf 89' lang='lat' dir='ltr'><strong>credis</strong></span> <span class='ocrx_word' id='word_1_30' title='bbox 822 609 960 686; x_wconf 84' lang='lat' dir='ltr'>Homero,</span> 
     </span>
     <span class='ocr_line' id='line_1_6' title="bbox 112 694 819 776; baseline -0.01 -16"><span class='ocrx_word' id='word_1_31' title='bbox 112 696 286 776; x_wconf 80' lang='lat' dir='ltr'><strong>Exemplum</strong></span> <span class='ocrx_word' id='word_1_32' title='bbox 312 696 388 755; x_wconf 83' lang='lat' dir='ltr'><strong>vitae</strong></span> <span class='ocrx_word' id='word_1_33' title='bbox 410 695 497 756; x_wconf 86' lang='lat' dir='ltr'><strong>fulta</strong></span> <span class='ocrx_word' id='word_1_34' title='bbox 520 696 639 754; x_wconf 90' lang='lat' dir='ltr'><strong>cornice</strong></span> <span class='ocrx_word' id='word_1_35' title='bbox 663 694 819 754; x_wconf 87' lang='lat' dir='ltr'><strong>secundae.</strong></span> 
     </span>
    </p>

    <p class='ocr_par' dir='ltr' id='par_1_5' title="bbox 113 778 854 858">
     <span class='ocr_line' id='line_1_7' title="bbox 113 778 854 858; baseline -0.009 -15"><span class='ocrx_word' id='word_1_36' title='bbox 113 783 200 842; x_wconf 82' lang='lat' dir='ltr'><strong>Felix</strong></span> <span class='ocrx_word' id='word_1_37' title='bbox 223 781 368 854; x_wconf 89' lang='lat' dir='ltr'><strong>nimirum,</strong></span> <span class='ocrx_word' id='word_1_38' title='bbox 394 779 442 858; x_wconf 93' lang='lat' dir='ltr'><strong>qui</strong></span> <span class='ocrx_word' id='word_1_39' title='bbox 464 788 507 838; x_wconf 87' lang='lat' dir='ltr'><strong>tot</strong></span> <span class='ocrx_word' id='word_1_40' title='bbox 529 796 584 856; x_wconf 92' lang='lat' dir='ltr'><strong>per</strong></span> <span class='ocrx_word' id='word_1_41' title='bbox 605 778 708 838; x_wconf 91' lang='lat' dir='ltr'><strong>secula</strong></span> <span class='ocrx_word' id='word_1_42' title='bbox 732 787 854 837; x_wconf 89' lang='lat' dir='ltr'><strong>mortem</strong></span> 
     </span>
    </p>

    <p class='ocr_par' dir='ltr' id='par_1_6' title="bbox 113 862 1101 1110">
     <span class='ocr_line' id='line_1_8' title="bbox 113 862 1012 942; baseline -0.003 -17"><span class='ocrx_word' id='word_1_43' title='bbox 113 864 233 926; x_wconf 80' lang='lat' dir='ltr'><strong>Distulit</strong></span> <span class='ocrx_word' id='word_1_44' title='bbox 259 871 346 940; x_wconf 89' lang='lat' dir='ltr'><strong>atque</strong></span> <span class='ocrx_word' id='word_1_45' title='bbox 371 879 440 920; x_wconf 90' lang='lat' dir='ltr'><strong>suos</strong></span> <span class='ocrx_word' id='word_1_46' title='bbox 466 865 521 923; x_wconf 86' lang='lat' dir='ltr'><strong>iarn</strong></span> <span class='ocrx_word' id='word_1_47' title='bbox 545 862 647 923; x_wconf 82' lang='lat' dir='ltr'><strong>dextra</strong></span> <span class='ocrx_word' id='word_1_48' title='bbox 670 871 815 942; x_wconf 88' lang='lat' dir='ltr'><strong>computat</strong></span> <span class='ocrx_word' id='word_1_49' title='bbox 837 880 938 939; x_wconf 91' lang='lat' dir='ltr'><strong>annos,</strong></span> <span class='ocrx_word' id='word_1_50' title='bbox 994 873 1012 884; x_wconf 83' lang='lat'><em>·</em></span> 
     </span>
     <span class='ocr_line' id='line_1_9' title="bbox 115 943 1101 1028; baseline 0.001 -20"><span class='ocrx_word' id='word_1_51' title='bbox 115 949 230 1028; x_wconf 79' lang='lat' dir='ltr'><strong>Quique</strong></span> <span class='ocrx_word' id='word_1_52' title='bbox 252 963 357 1006; x_wconf 83' lang='lat' dir='ltr'><strong>novum</strong></span> <span class='ocrx_word' id='word_1_53' title='bbox 378 947 465 1006; x_wconf 89' lang='lat' dir='ltr'><strong>toties</strong></span> <span class='ocrx_word' id='word_1_54' title='bbox 487 955 609 1006; x_wconf 89' lang='lat' dir='ltr'><strong>mustum</strong></span> <span class='ocrx_word' id='word_1_55' title='bbox 634 945 715 1005; x_wconf 92' lang='lat' dir='ltr'><strong>bibit.</strong></span> <span class='ocrx_word' id='word_1_56' title='bbox 749 943 823 1021; x_wconf 82' lang='lat' dir='ltr'><strong>Orc,</strong></span> <span class='ocrx_word' id='word_1_57' title='bbox 850 963 1005 1026; x_wconf 81' lang='lat' dir='ltr'><strong>parumper</strong></span> <span class='ocrx_word' id='word_1_58' title='bbox 1047 959 1101 1011; x_wconf 67' lang='lat'><strong>250</strong></span> 
     </span>
     <span class='ocr_line' id='line_1_10' title="bbox 114 1029 887 1110; baseline -0.005 -18"><span class='ocrx_word' id='word_1_59' title='bbox 114 1032 273 1107; x_wconf 87' lang='lat' dir='ltr'><strong>Attendas‚</strong></span> <span class='ocrx_word' id='word_1_60' title='bbox 298 1038 433 1110; x_wconf 87' lang='lat' dir='ltr'><strong>quantum</strong></span> <span class='ocrx_word' id='word_1_61' title='bbox 458 1029 495 1090; x_wconf 93' lang='lat' dir='ltr'><strong>de</strong></span> <span class='ocrx_word' id='word_1_62' title='bbox 525 1029 639 1107; x_wconf 76' lang='lat' dir='ltr'><strong>legibus</strong></span> <span class='ocrx_word' id='word_1_63' title='bbox 663 1032 726 1108; x_wconf 94' lang='lat' dir='ltr'><strong>ipse</strong></span> <span class='ocrx_word' id='word_1_64' title='bbox 750 1039 887 1108; x_wconf 86' lang='lat' dir='ltr'><strong>queratur</strong></span> 
     </span>
    </p>

    <p class='ocr_par' dir='ltr' id='par_1_7' title="bbox 113 1113 1103 1613">
     <span class='ocr_line' id='line_1_11' title="bbox 113 1113 934 1192; baseline -0.001 -16"><span class='ocrx_word' id='word_1_65' title='bbox 113 1117 250 1176; x_wconf 81' lang='lat' dir='ltr'><strong>Fatorum</strong></span> <span class='ocrx_word' id='word_1_66' title='bbox 274 1122 303 1173; x_wconf 93' lang='lat' dir='ltr'><strong>et</strong></span> <span class='ocrx_word' id='word_1_67' title='bbox 328 1113 414 1173; x_wconf 88' lang='lat' dir='ltr'><strong>nimie</strong></span> <span class='ocrx_word' id='word_1_68' title='bbox 436 1113 473 1173; x_wconf 94' lang='lat' dir='ltr'><strong>de</strong></span> <span class='ocrx_word' id='word_1_69' title='bbox 496 1115 632 1189; x_wconf 90' lang='lat' dir='ltr'><strong>stamine,</strong></span> <span class='ocrx_word' id='word_1_70' title='bbox 654 1131 738 1192; x_wconf 90' lang='lat' dir='ltr'><strong>quum</strong></span> <span class='ocrx_word' id='word_1_71' title='bbox 757 1113 836 1173; x_wconf 84' lang='lat' dir='ltr'><strong>videt</strong></span> <span class='ocrx_word' id='word_1_72' title='bbox 859 1117 934 1175; x_wconf 87' lang='lat' dir='ltr'><strong>acris</strong></span> 
     </span>
     <span class='ocr_line' id='line_1_12' title="bbox 114 1196 997 1275; baseline 0 -16"><span class='ocrx_word' id='word_1_73' title='bbox 114 1198 261 1259; x_wconf 78' lang='lat' dir='ltr'><strong>Antilochi</strong></span> <span class='ocrx_word' id='word_1_74' title='bbox 284 1196 403 1256; x_wconf 87' lang='lat' dir='ltr'><strong>barbam</strong></span> <span class='ocrx_word' id='word_1_75' title='bbox 426 1197 592 1273; x_wconf 89' lang='lat' dir='ltr'><strong>ardentem,</strong></span> <span class='ocrx_word' id='word_1_76' title='bbox 619 1214 704 1274; x_wconf 87' lang='lat' dir='ltr'><strong>quum</strong></span> <span class='ocrx_word' id='word_1_77' title='bbox 726 1199 838 1275; x_wconf 90' lang='lat' dir='ltr'><strong>quaerit</strong></span> <span class='ocrx_word' id='word_1_78' title='bbox 861 1197 897 1258; x_wconf 92' lang='lat' dir='ltr'><strong>ab</strong></span> <span class='ocrx_word' id='word_1_79' title='bbox 922 1201 997 1259; x_wconf 89' lang='lat' dir='ltr'><strong>omni</strong></span> 
     </span>
     <span class='ocr_line' id='line_1_13' title="bbox 115 1280 1008 1362; baseline 0.001 -20"><span class='ocrx_word' id='word_1_80' title='bbox 115 1282 253 1362; x_wconf 81' lang='lat' dir='ltr'><strong>Quisquis</strong></span> <span class='ocrx_word' id='word_1_81' title='bbox 290 1280 374 1341; x_wconf 89' lang='lat' dir='ltr'><strong>adest</strong></span> <span class='ocrx_word' id='word_1_82' title='bbox 400 1282 513 1356; x_wconf 90' lang='lat' dir='ltr'><strong>socius,</strong></span> <span class='ocrx_word' id='word_1_83' title='bbox 538 1299 589 1340; x_wconf 89' lang='lat' dir='ltr'><strong>cur</strong></span> <span class='ocrx_word' id='word_1_84' title='bbox 611 1280 685 1341; x_wconf 91' lang='lat' dir='ltr'><strong>haec</strong></span> <span class='ocrx_word' id='word_1_85' title='bbox 705 1282 735 1340; x_wconf 92' lang='lat' dir='ltr'><strong>in</strong></span> <span class='ocrx_word' id='word_1_86' title='bbox 757 1290 889 1358; x_wconf 86' lang='lat' dir='ltr'><strong>tempora</strong></span> <span class='ocrx_word' id='word_1_87' title='bbox 913 1283 1008 1360; x_wconf 89' lang='lat' dir='ltr'><strong>duret,</strong></span> 
     </span>
     <span class='ocr_line' id='line_1_14' title="bbox 115 1364 1103 1442; baseline 0.004 -16"><span class='ocrx_word' id='word_1_88' title='bbox 115 1366 201 1439; x_wconf 90' lang='lat' dir='ltr'><strong>Quod</strong></span> <span class='ocrx_word' id='word_1_89' title='bbox 223 1365 335 1425; x_wconf 87' lang='lat' dir='ltr'><strong>lacinus</strong></span> <span class='ocrx_word' id='word_1_90' title='bbox 356 1364 472 1440; x_wconf 83' lang='lat' dir='ltr'><strong>dignum</strong></span> <span class='ocrx_word' id='word_1_91' title='bbox 494 1365 551 1425; x_wconf 89' lang='lat' dir='ltr'><strong>tam</strong></span> <span class='ocrx_word' id='word_1_92' title='bbox 573 1364 662 1442; x_wconf 83' lang='lat' dir='ltr'><strong>longo</strong></span> <span class='ocrx_word' id='word_1_93' title='bbox 685 1365 832 1424; x_wconf 85' lang='lat' dir='ltr'><strong>admiserit</strong></span> <span class='ocrx_word' id='word_1_94' title='bbox 855 1364 952 1425; x_wconf 84' lang='lat' dir='ltr'><strong>aevo?</strong></span> <span class='ocrx_word' id='word_1_95' title='bbox 1049 1378 1103 1430; x_wconf 78' lang='lat'><strong>255</strong></span> 
     </span>
     <span class='ocr_line' id='line_1_15' title="bbox 115 1443 1002 1527; baseline -0.002 -16"><span class='ocrx_word' id='word_1_96' title='bbox 115 1449 196 1511; x_wconf 86' lang='lat' dir='ltr'><strong>llaec</strong></span> <span class='ocrx_word' id='word_1_97' title='bbox 223 1449 326 1509; x_wconf 90' lang='lat' dir='ltr'><strong>eadem</strong></span> <span class='ocrx_word' id='word_1_98' title='bbox 349 1443 473 1523; x_wconf 84' lang='lat' dir='ltr'><strong>Peleus,</strong></span> <span class='ocrx_word' id='word_1_99' title='bbox 497 1457 609 1527; x_wconf 89' lang='lat' dir='ltr'><strong>raptum</strong></span> <span class='ocrx_word' id='word_1_100' title='bbox 634 1466 720 1527; x_wconf 91' lang='lat' dir='ltr'><strong>qumn</strong></span> <span class='ocrx_word' id='word_1_101' title='bbox 742 1448 823 1525; x_wconf 85' lang='lat' dir='ltr'><strong>luget</strong></span> <span class='ocrx_word' id='word_1_102' title='bbox 847 1447 1002 1526; x_wconf 75' lang='lat' dir='ltr'><strong>Achillem,</strong></span> 
     </span>
     <span class='ocr_line' id='line_1_16' title="bbox 115 1531 921 1613; baseline -0.004 -20"><span class='ocrx_word' id='word_1_103' title='bbox 115 1534 213 1613; x_wconf 82' lang='lat' dir='ltr'><strong>Atque</strong></span> <span class='ocrx_word' id='word_1_104' title='bbox 237 1532 326 1608; x_wconf 88' lang='lat' dir='ltr'><strong>alius,</strong></span> <span class='ocrx_word' id='word_1_105' title='bbox 359 1532 471 1592; x_wconf 85' lang='lat' dir='ltr'><strong>cullas</strong></span> <span class='ocrx_word' id='word_1_106' title='bbox 494 1531 622 1592; x_wconf 81' lang='lat' dir='ltr'><strong>Ithacum</strong></span> <span class='ocrx_word' id='word_1_107' title='bbox 644 1532 748 1609; x_wconf 83' lang='lat' dir='ltr'><strong>lugere</strong></span> <span class='ocrx_word' id='word_1_108' title='bbox 769 1541 921 1592; x_wconf 87' lang='lat' dir='ltr'><strong>natantem.</strong></span> 
     </span>
    </p>

    <p class='ocr_par' dir='ltr' id='par_1_8' title="bbox 115 1615 868 1678">
     <span class='ocr_line' id='line_1_17' title="bbox 115 1615 868 1678; baseline -0.003 -1"><span class='ocrx_word' id='word_1_109' title='bbox 115 1616 257 1678; x_wconf 89' lang='lat' dir='ltr'><strong>Incolumi</strong></span> <span class='ocrx_word' id='word_1_110' title='bbox 279 1615 365 1675; x_wconf 82' lang='lat' dir='ltr'><strong>Troia</strong></span> <span class='ocrx_word' id='word_1_111' title='bbox 389 1615 517 1675; x_wconf 87' lang='lat' dir='ltr'><strong>Priamus</strong></span> <span class='ocrx_word' id='word_1_112' title='bbox 539 1616 669 1676; x_wconf 86' lang='lat' dir='ltr'><strong>venisset</strong></span> <span class='ocrx_word' id='word_1_113' title='bbox 694 1616 730 1676; x_wconf 88' lang='lat' dir='ltr'><strong>ad</strong></span> <span class='ocrx_word' id='word_1_114' title='bbox 752 1615 868 1678; x_wconf 85' lang='lat' dir='ltr'><strong>umbras</strong></span> 
     </span>
    </p>

    <p class='ocr_par' dir='ltr' id='par_1_9' title="bbox 115 1699 875 1776">
     <span class='ocr_line' id='line_1_18' title="bbox 115 1699 875 1776; baseline -0.004 -15"><span class='ocrx_word' id='word_1_115' title='bbox 115 1701 254 1761; x_wconf 81' lang='lat' dir='ltr'><strong>Assaraci</strong></span> <span class='ocrx_word' id='word_1_116' title='bbox 276 1700 387 1776; x_wconf 81' lang='lat' dir='ltr'><strong>magnis</strong></span> <span class='ocrx_word' id='word_1_117' title='bbox 410 1699 615 1776; x_wconf 85' lang='lat' dir='ltr'><strong>sollemnibus,</strong></span> <span class='ocrx_word' id='word_1_118' title='bbox 637 1699 766 1760; x_wconf 88' lang='lat' dir='ltr'><strong>llectorc</strong></span> <span class='ocrx_word' id='word_1_119' title='bbox 790 1700 875 1760; x_wconf 85' lang='lat' dir='ltr'><strong>funus</strong></span> 
     </span>
    </p>

    <p class='ocr_par' dir='ltr' id='par_1_10' title="bbox 114 1781 1105 1862">
     <span class='ocr_line' id='line_1_19' title="bbox 114 1781 1105 1862; baseline 0.001 -16"><span class='ocrx_word' id='word_1_120' title='bbox 114 1786 251 1846; x_wconf 88' lang='lat' dir='ltr'><strong>Portante</strong></span> <span class='ocrx_word' id='word_1_121' title='bbox 273 1801 308 1843; x_wconf 88' lang='lat' dir='ltr'><strong>ac</strong></span> <span class='ocrx_word' id='word_1_122' title='bbox 330 1782 450 1862; x_wconf 89' lang='lat' dir='ltr'><strong>reliquis</strong></span> <span class='ocrx_word' id='word_1_123' title='bbox 472 1783 590 1843; x_wconf 84' lang='lat' dir='ltr'><strong>fratrum</strong></span> <span class='ocrx_word' id='word_1_124' title='bbox 616 1783 780 1844; x_wconf 87' lang='lat' dir='ltr'><strong>cervicibus</strong></span> <span class='ocrx_word' id='word_1_125' title='bbox 801 1785 877 1843; x_wconf 92' lang='lat' dir='ltr'><strong>inter</strong></span> <span class='ocrx_word' id='word_1_126' title='bbox 1049 1781 1105 1851; x_wconf 70' lang='lat' dir='ltr'><strong>tob</strong></span> 
     </span>
    </p>
   </div>
   <div class='ocr_carea' id='block_1_3' title="bbox 10 1866 867 1947">
    <p class='ocr_par' dir='ltr' id='par_1_11' title="bbox 10 1866 867 1947">
     <span class='ocr_line' id='line_1_20' title="bbox 10 1866 867 1947; baseline -0.002 -19"><span class='ocrx_word' id='word_1_127' title='bbox 10 1885 11 1898; x_wconf 62' lang='lat'>¹</span> <span class='ocrx_word' id='word_1_128' title='bbox 115 1868 235 1928; x_wconf 84' lang='lat' dir='ltr'><strong>llicdum</strong></span> <span class='ocrx_word' id='word_1_129' title='bbox 261 1866 410 1942; x_wconf 88' lang='lat' dir='ltr'><strong>lacrimas,</strong></span> <span class='ocrx_word' id='word_1_130' title='bbox 437 1876 466 1926; x_wconf 95' lang='lat' dir='ltr'><strong>ut</strong></span> <span class='ocrx_word' id='word_1_131' title='bbox 489 1869 597 1945; x_wconf 90' lang='lat' dir='ltr'><strong>primos</strong></span> <span class='ocrx_word' id='word_1_132' title='bbox 622 1868 713 1928; x_wconf 90' lang='lat' dir='ltr'><strong>edere</strong></span> <span class='ocrx_word' id='word_1_133' title='bbox 736 1868 867 1947; x_wconf 90' lang='lat' dir='ltr'><strong>planctus</strong></span> 
     </span>
    </p>
   </div>
   <div class='ocr_carea' id='block_1_4' title="bbox 116 1950 1110 3537">
    <p class='ocr_par' dir='ltr' id='par_1_12' title="bbox 116 1950 906 2030">
     <span class='ocr_line' id='line_1_21' title="bbox 116 1950 906 2030; baseline -0.004 -18"><span class='ocrx_word' id='word_1_134' title='bbox 116 1950 280 2012; x_wconf 78' lang='lat' dir='ltr'><strong>Cassandra</strong></span> <span class='ocrx_word' id='word_1_135' title='bbox 303 1951 446 2029; x_wconf 87' lang='lat' dir='ltr'><strong>inciperet</strong></span> <span class='ocrx_word' id='word_1_136' title='bbox 469 1953 621 2030; x_wconf 88' lang='lat' dir='ltr'><strong>scissaque</strong></span> <span class='ocrx_word' id='word_1_137' title='bbox 644 1951 793 2027; x_wconf 74' lang='lat' dir='ltr'><strong>Polyxena</strong></span> <span class='ocrx_word' id='word_1_138' title='bbox 818 1951 906 2030; x_wconf 89' lang='lat' dir='ltr'><strong>palla,</strong></span> 
     </span>
    </p>

    <p class='ocr_par' dir='ltr' id='par_1_13' title="bbox 116 2034 913 2114">
     <span class='ocr_line' id='line_1_22' title="bbox 116 2034 913 2114; baseline -0.005 -18"><span class='ocrx_word' id='word_1_139' title='bbox 116 2038 148 2096; x_wconf 89' lang='lat' dir='ltr'><strong>Si</strong></span> <span class='ocrx_word' id='word_1_140' title='bbox 174 2035 252 2094; x_wconf 83' lang='lat' dir='ltr'><strong>foret</strong></span> <span class='ocrx_word' id='word_1_141' title='bbox 275 2036 433 2095; x_wconf 85' lang='lat' dir='ltr'><strong>exstinctus</strong></span> <span class='ocrx_word' id='word_1_142' title='bbox 460 2034 577 2094; x_wconf 88' lang='lat' dir='ltr'><strong>diverso</strong></span> <span class='ocrx_word' id='word_1_143' title='bbox 600 2044 752 2113; x_wconf 89' lang='lat' dir='ltr'><strong>tempore,</strong></span> <span class='ocrx_word' id='word_1_144' title='bbox 775 2052 833 2114; x_wconf 93' lang='lat' dir='ltr'><strong>quc</strong></span> <span class='ocrx_word' id='word_1_145' title='bbox 856 2050 913 2092; x_wconf 90' lang='lat' dir='ltr'><strong>non</strong></span> 
     </span>
    </p>

    <p class='ocr_par' dir='ltr' id='par_1_14' title="bbox 117 2118 838 2197">
     <span class='ocr_line' id='line_1_23' title="bbox 117 2118 838 2197; baseline -0.007 -17"><span class='ocrx_word' id='word_1_146' title='bbox 117 2119 267 2197; x_wconf 83' lang='lat' dir='ltr'><strong>Coeperat</strong></span> <span class='ocrx_word' id='word_1_147' title='bbox 288 2118 414 2179; x_wconf 84' lang='lat' dir='ltr'><strong>audaces</strong></span> <span class='ocrx_word' id='word_1_148' title='bbox 436 2118 517 2179; x_wconf 90' lang='lat' dir='ltr'><strong>Paris</strong></span> <span class='ocrx_word' id='word_1_149' title='bbox 537 2118 692 2178; x_wconf 87' lang='lat' dir='ltr'><strong>aedificare</strong></span> <span class='ocrx_word' id='word_1_150' title='bbox 717 2121 838 2178; x_wconf 88' lang='lat' dir='ltr'><strong>carinas.</strong></span> 
     </span>
    </p>

    <p class='ocr_par' dir='ltr' id='par_1_15' title="bbox 116 2198 1105 2363">
     <span class='ocr_line' id='line_1_24' title="bbox 116 2198 1105 2281; baseline 0 -19"><span class='ocrx_word' id='word_1_151' title='bbox 116 2203 216 2280; x_wconf 81' lang='lat' dir='ltr'><strong>Longa</strong></span> <span class='ocrx_word' id='word_1_152' title='bbox 240 2202 304 2261; x_wconf 91' lang='lat' dir='ltr'><strong>dies</strong></span> <span class='ocrx_word' id='word_1_153' title='bbox 328 2203 414 2279; x_wconf 77' lang='lat' dir='ltr'><strong>igitur</strong></span> <span class='ocrx_word' id='word_1_154' title='bbox 436 2201 505 2281; x_wconf 93' lang='lat' dir='ltr'><strong>quid</strong></span> <span class='ocrx_word' id='word_1_155' title='bbox 526 2198 666 2262; x_wconf 79' lang='lat' dir='ltr'><strong>contulit?</strong></span> <span class='ocrx_word' id='word_1_156' title='bbox 690 2204 783 2262; x_wconf 89' lang='lat' dir='ltr'><strong>omnia</strong></span> <span class='ocrx_word' id='word_1_157' title='bbox 806 2200 875 2261; x_wconf 90' lang='lat' dir='ltr'><strong>vidit</strong></span> <span class='ocrx_word' id='word_1_158' title='bbox 1051 2210 1105 2264; x_wconf 76' lang='lat'><strong>265</strong></span> 
     </span>
     <span class='ocr_line' id='line_1_25' title="bbox 117 2283 892 2363; baseline -0.005 -17"><span class='ocrx_word' id='word_1_159' title='bbox 117 2287 231 2348; x_wconf 78' lang='lat' dir='ltr'><strong>Eversa</strong></span> <span class='ocrx_word' id='word_1_160' title='bbox 254 2294 283 2344; x_wconf 89' lang='lat' dir='ltr'><strong>et</strong></span> <span class='ocrx_word' id='word_1_161' title='bbox 304 2285 424 2345; x_wconf 88' lang='lat' dir='ltr'><strong>flammis</strong></span> <span class='ocrx_word' id='word_1_162' title='bbox 444 2283 544 2345; x_wconf 87' lang='lat' dir='ltr'><strong>Asiam</strong></span> <span class='ocrx_word' id='word_1_163' title='bbox 569 2286 708 2363; x_wconf 84' lang='lat' dir='ltr'><strong>ferroque</strong></span> <span class='ocrx_word' id='word_1_164' title='bbox 732 2285 892 2345; x_wconf 85' lang='lat' dir='ltr'><strong>cadentem.</strong></span> 
     </span>
    </p>

    <p class='ocr_par' dir='ltr' id='par_1_16' title="bbox 118 2369 876 2447">
     <span class='ocr_line' id='line_1_26' title="bbox 118 2369 876 2447; baseline -0.001 -17"><span class='ocrx_word' id='word_1_165' title='bbox 118 2371 200 2430; x_wconf 84' lang='lat' dir='ltr'><strong>l&#39;uuc</strong></span> <span class='ocrx_word' id='word_1_166' title='bbox 218 2369 303 2429; x_wconf 90' lang='lat' dir='ltr'><strong>miles</strong></span> <span class='ocrx_word' id='word_1_167' title='bbox 328 2369 467 2430; x_wconf 90' lang='lat' dir='ltr'><strong>tremulus</strong></span> <span class='ocrx_word' id='word_1_168' title='bbox 493 2370 589 2447; x_wconf 88' lang='lat' dir='ltr'><strong>posita</strong></span> <span class='ocrx_word' id='word_1_169' title='bbox 612 2369 677 2429; x_wconf 87' lang='lat' dir='ltr'><strong>tulit</strong></span> <span class='ocrx_word' id='word_1_170' title='bbox 698 2387 775 2431; x_wconf 90' lang='lat' dir='ltr'><strong>arma</strong></span> <span class='ocrx_word' id='word_1_171' title='bbox 804 2370 876 2429; x_wconf 90' lang='lat' dir='ltr'><strong>tiara</strong></span> 
     </span>
    </p>

    <p class='ocr_par' dir='ltr' id='par_1_17' title="bbox 119 2451 943 2530">
     <span class='ocr_line' id='line_1_27' title="bbox 119 2451 943 2530; baseline -0.005 -16"><span class='ocrx_word' id='word_1_172' title='bbox 119 2454 155 2514; x_wconf 78' lang='lat' dir='ltr'><strong>lit</strong></span> <span class='ocrx_word' id='word_1_173' title='bbox 178 2455 234 2513; x_wconf 87' lang='lat' dir='ltr'><strong>ruit</strong></span> <span class='ocrx_word' id='word_1_174' title='bbox 255 2461 320 2512; x_wconf 94' lang='lat' dir='ltr'><strong>ante</strong></span> <span class='ocrx_word' id='word_1_175' title='bbox 343 2470 421 2513; x_wconf 88' lang='lat' dir='ltr'><strong>aram</strong></span> <span class='ocrx_word' id='word_1_176' title='bbox 445 2454 545 2513; x_wconf 88' lang='lat' dir='ltr'><strong>summi</strong></span> <span class='ocrx_word' id='word_1_177' title='bbox 568 2453 663 2530; x_wconf 88' lang='lat' dir='ltr'><strong>lovis,</strong></span> <span class='ocrx_word' id='word_1_178' title='bbox 687 2462 717 2513; x_wconf 89' lang='lat' dir='ltr'><strong>ut</strong></span> <span class='ocrx_word' id='word_1_179' title='bbox 740 2453 854 2513; x_wconf 86' lang='lat' dir='ltr'><strong>vetulus</strong></span> <span class='ocrx_word' id='word_1_180' title='bbox 878 2451 943 2527; x_wconf 91' lang='lat' dir='ltr'><strong>bos,</strong></span> 
     </span>
    </p>

    <p class='ocr_par' dir='ltr' id='par_1_18' title="bbox 118 2531 913 2610">
     <span class='ocr_line' id='line_1_28' title="bbox 118 2531 913 2610; baseline -0.003 -14"><span class='ocrx_word' id='word_1_181' title='bbox 118 2537 175 2610; x_wconf 93' lang='lat' dir='ltr'><strong>Qui</strong></span> <span class='ocrx_word' id='word_1_182' title='bbox 200 2537 306 2597; x_wconf 91' lang='lat' dir='ltr'><strong>domiui</strong></span> <span class='ocrx_word' id='word_1_183' title='bbox 329 2537 428 2597; x_wconf 88' lang='lat' dir='ltr'><strong>cultris</strong></span> <span class='ocrx_word' id='word_1_184' title='bbox 450 2547 537 2596; x_wconf 86' lang='lat' dir='ltr'><strong>tenue</strong></span> <span class='ocrx_word' id='word_1_185' title='bbox 565 2546 594 2596; x_wconf 91' lang='lat' dir='ltr'><strong>et</strong></span> <span class='ocrx_word' id='word_1_186' title='bbox 615 2531 781 2597; x_wconf 71' lang='lat' dir='ltr'><strong>miserabile</strong></span> <span class='ocrx_word' id='word_1_187' title='bbox 807 2536 913 2596; x_wconf 85' lang='lat' dir='ltr'><strong>collum</strong></span> 
     </span>
    </p>

    <p class='ocr_par' dir='ltr' id='par_1_19' title="bbox 118 2618 1106 2784">
     <span class='ocr_line' id='line_1_29' title="bbox 119 2618 1106 2698; baseline -0.002 -17"><span class='ocrx_word' id='word_1_188' title='bbox 119 2619 260 2694; x_wconf 90' lang='lat' dir='ltr'><strong>Praebet,</strong></span> <span class='ocrx_word' id='word_1_189' title='bbox 288 2618 323 2680; x_wconf 92' lang='lat' dir='ltr'><strong>ab</strong></span> <span class='ocrx_word' id='word_1_190' title='bbox 346 2622 460 2698; x_wconf 80' lang='lat' dir='ltr'><strong>ingrato</strong></span> <span class='ocrx_word' id='word_1_191' title='bbox 481 2622 537 2680; x_wconf 90' lang='lat' dir='ltr'><strong>iam</strong></span> <span class='ocrx_word' id='word_1_192' title='bbox 561 2621 705 2682; x_wconf 84' lang='lat' dir='ltr'><strong>fastiditus</strong></span> <span class='ocrx_word' id='word_1_193' title='bbox 730 2630 836 2681; x_wconf 88' lang='lat' dir='ltr'><strong>aratro.</strong></span> <span class='ocrx_word' id='word_1_194' title='bbox 1051 2624 1106 2680; x_wconf 82' lang='lat' dir='ltr'><strong>nto</strong></span> 
     </span>
     <span class='ocr_line' id='line_1_30' title="bbox 118 2703 941 2784; baseline -0.002 -20"><span class='ocrx_word' id='word_1_195' title='bbox 118 2703 222 2764; x_wconf 85' lang='lat' dir='ltr'><strong>llxitus</strong></span> <span class='ocrx_word' id='word_1_196' title='bbox 244 2703 294 2763; x_wconf 91' lang='lat' dir='ltr'><strong>ille</strong></span> <span class='ocrx_word' id='word_1_197' title='bbox 318 2713 472 2784; x_wconf 89' lang='lat' dir='ltr'><strong>utcumque</strong></span> <span class='ocrx_word' id='word_1_198' title='bbox 494 2704 634 2780; x_wconf 88' lang='lat' dir='ltr'><strong>bominis,</strong></span> <span class='ocrx_word' id='word_1_199' title='bbox 660 2705 713 2765; x_wconf 88' lang='lat' dir='ltr'><strong>sed</strong></span> <span class='ocrx_word' id='word_1_200' title='bbox 735 2714 817 2764; x_wconf 87' lang='lat' dir='ltr'><strong>torva</strong></span> <span class='ocrx_word' id='word_1_201' title='bbox 841 2705 941 2763; x_wconf 89' lang='lat' dir='ltr'><strong>canino</strong></span> 
     </span>
    </p>

    <p class='ocr_par' dir='ltr' id='par_1_20' title="bbox 117 2788 898 2867">
     <span class='ocr_line' id='line_1_31' title="bbox 117 2788 898 2867; baseline -0.008 -17"><span class='ocrx_word' id='word_1_202' title='bbox 117 2789 245 2849; x_wconf 86' lang='lat' dir='ltr'><strong>Latravit</strong></span> <span class='ocrx_word' id='word_1_203' title='bbox 267 2788 355 2864; x_wconf 89' lang='lat' dir='ltr'><strong>rictu,</strong></span> <span class='ocrx_word' id='word_1_204' title='bbox 379 2806 455 2867; x_wconf 88' lang='lat' dir='ltr'><strong>quae</strong></span> <span class='ocrx_word' id='word_1_205' title='bbox 478 2789 642 2866; x_wconf 89' lang='lat' dir='ltr'><strong>posthunc</strong></span> <span class='ocrx_word' id='word_1_206' title='bbox 664 2789 791 2862; x_wconf 84' lang='lat' dir='ltr'><strong>vixerat,</strong></span> <span class='ocrx_word' id='word_1_207' title='bbox 815 2804 898 2846; x_wconf 85' lang='lat' dir='ltr'><strong>uxor.</strong></span> 
     </span>
    </p>

    <p class='ocr_par' dir='ltr' id='par_1_21' title="bbox 119 2871 858 2950">
     <span class='ocr_line' id='line_1_32' title="bbox 119 2871 858 2950; baseline -0.004 -18"><span class='ocrx_word' id='word_1_208' title='bbox 119 2873 238 2932; x_wconf 80' lang='lat' dir='ltr'><strong>Festino</strong></span> <span class='ocrx_word' id='word_1_209' title='bbox 262 2872 435 2932; x_wconf 88' lang='lat' dir='ltr'><strong>adnostros</strong></span> <span class='ocrx_word' id='word_1_210' title='bbox 459 2882 488 2933; x_wconf 89' lang='lat' dir='ltr'><strong>et</strong></span> <span class='ocrx_word' id='word_1_211' title='bbox 513 2891 615 2950; x_wconf 81' lang='lat' dir='ltr'><strong>regem</strong></span> <span class='ocrx_word' id='word_1_212' title='bbox 636 2881 753 2932; x_wconf 89' lang='lat' dir='ltr'><strong>transeo</strong></span> <span class='ocrx_word' id='word_1_213' title='bbox 775 2871 858 2931; x_wconf 90' lang='lat' dir='ltr'><strong>Ponti</strong></span> 
     </span>
    </p>

    <p class='ocr_par' dir='ltr' id='par_1_22' title="bbox 120 2953 901 3034">
     <span class='ocr_line' id='line_1_33' title="bbox 120 2953 901 3034; baseline -0.005 -18"><span class='ocrx_word' id='word_1_214' title='bbox 120 2956 156 3016; x_wconf 84' lang='lat' dir='ltr'><strong>Et</strong></span> <span class='ocrx_word' id='word_1_215' title='bbox 178 2953 336 3029; x_wconf 78' lang='lat' dir='ltr'><strong>Croesum,</strong></span> <span class='ocrx_word' id='word_1_216' title='bbox 360 2974 447 3034; x_wconf 89' lang='lat' dir='ltr'><strong>quem</strong></span> <span class='ocrx_word' id='word_1_217' title='bbox 470 2973 530 3016; x_wconf 84' lang='lat' dir='ltr'><strong>vox</strong></span> <span class='ocrx_word' id='word_1_218' title='bbox 551 2957 617 3016; x_wconf 89' lang='lat' dir='ltr'><strong>iusti</strong></span> <span class='ocrx_word' id='word_1_219' title='bbox 638 2953 761 3016; x_wconf 79' lang='lat' dir='ltr'><strong>facunda</strong></span> <span class='ocrx_word' id='word_1_220' title='bbox 785 2954 901 3014; x_wconf 88' lang='lat' dir='ltr'><strong>Solonis</strong></span> 
     </span>
    </p>

    <p class='ocr_par' dir='ltr' id='par_1_23' title="bbox 119 3037 1108 3202">
     <span class='ocr_line' id='line_1_34' title="bbox 119 3037 1108 3118; baseline -0.002 -20"><span class='ocrx_word' id='word_1_221' title='bbox 119 3039 283 3117; x_wconf 87' lang='lat' dir='ltr'><strong>Respicere</strong></span> <span class='ocrx_word' id='word_1_222' title='bbox 305 3039 341 3100; x_wconf 90' lang='lat' dir='ltr'><strong>ad</strong></span> <span class='ocrx_word' id='word_1_223' title='bbox 363 3040 470 3117; x_wconf 78' lang='lat' dir='ltr'><strong>longae</strong></span> <span class='ocrx_word' id='word_1_224' title='bbox 491 3041 574 3101; x_wconf 91' lang='lat' dir='ltr'><strong>iussit</strong></span> <span class='ocrx_word' id='word_1_225' title='bbox 596 3041 688 3118; x_wconf 89' lang='lat' dir='ltr'><strong>spatia</strong></span> <span class='ocrx_word' id='word_1_226' title='bbox 710 3038 806 3099; x_wconf 90' lang='lat' dir='ltr'><strong>ultima</strong></span> <span class='ocrx_word' id='word_1_227' title='bbox 830 3037 918 3096; x_wconf 85' lang='lat' dir='ltr'><strong>vitae.</strong></span> <span class='ocrx_word' id='word_1_228' title='bbox 1053 3043 1108 3099; x_wconf 79' lang='lat' dir='ltr'><strong>nto</strong></span> 
     </span>
     <span class='ocr_line' id='line_1_35' title="bbox 121 3122 851 3202; baseline -0.003 -20"><span class='ocrx_word' id='word_1_229' title='bbox 121 3122 246 3183; x_wconf 84' lang='lat' dir='ltr'><strong>llxillum</strong></span> <span class='ocrx_word' id='word_1_230' title='bbox 271 3131 300 3183; x_wconf 90' lang='lat' dir='ltr'><strong>et</strong></span> <span class='ocrx_word' id='word_1_231' title='bbox 322 3141 425 3184; x_wconf 89' lang='lat' dir='ltr'><strong>carcer</strong></span> <span class='ocrx_word' id='word_1_232' title='bbox 444 3123 706 3202; x_wconf 81' lang='lat' dir='ltr'><strong>Minturnarumque</strong></span> <span class='ocrx_word' id='word_1_233' title='bbox 729 3122 851 3200; x_wconf 89' lang='lat' dir='ltr'><strong>paludes</strong></span> 
     </span>
    </p>

    <p class='ocr_par' dir='ltr' id='par_1_24' title="bbox 120 3205 763 3286">
     <span class='ocr_line' id='line_1_36' title="bbox 120 3205 763 3286; baseline -0.003 -20"><span class='ocrx_word' id='word_1_234' title='bbox 120 3205 157 3266; x_wconf 81' lang='lat' dir='ltr'><strong>m</strong></span> <span class='ocrx_word' id='word_1_235' title='bbox 180 3206 358 3267; x_wconf 86' lang='lat' dir='ltr'><strong>mendicatus</strong></span> <span class='ocrx_word' id='word_1_236' title='bbox 380 3210 457 3268; x_wconf 85' lang='lat' dir='ltr'><strong>victa</strong></span> <span class='ocrx_word' id='word_1_237' title='bbox 485 3206 659 3284; x_wconf 83' lang='lat' dir='ltr'><strong>Cartbagine</strong></span> <span class='ocrx_word' id='word_1_238' title='bbox 682 3207 763 3286; x_wconf 90' lang='lat' dir='ltr'><strong>panis</strong></span> 
     </span>
    </p>

    <p class='ocr_par' dir='ltr' id='par_1_25' title="bbox 120 3289 886 3365">
     <span class='ocr_line' id='line_1_37' title="bbox 120 3289 886 3365; baseline -0.001 -16"><span class='ocrx_word' id='word_1_239' title='bbox 120 3289 192 3350; x_wconf 92' lang='lat' dir='ltr'><strong>llinc</strong></span> <span class='ocrx_word' id='word_1_240' title='bbox 215 3308 318 3351; x_wconf 89' lang='lat' dir='ltr'><strong>causas</strong></span> <span class='ocrx_word' id='word_1_241' title='bbox 340 3290 478 3352; x_wconf 86' lang='lat' dir='ltr'><strong>habuere.</strong></span> <span class='ocrx_word' id='word_1_242' title='bbox 512 3291 586 3365; x_wconf 84' lang='lat' dir='ltr'><strong>Quid</strong></span> <span class='ocrx_word' id='word_1_243' title='bbox 608 3291 660 3351; x_wconf 91' lang='lat' dir='ltr'><strong>illo</strong></span> <span class='ocrx_word' id='word_1_244' title='bbox 684 3292 749 3350; x_wconf 85' lang='lat' dir='ltr'><strong>cive</strong></span> <span class='ocrx_word' id='word_1_245' title='bbox 772 3290 886 3350; x_wconf 88' lang='lat' dir='ltr'><strong>tulisset</strong></span> 
     </span>
    </p>

    <p class='ocr_par' dir='ltr' id='par_1_26' title="bbox 119 3371 912 3453">
     <span class='ocr_line' id='line_1_38' title="bbox 119 3371 912 3453; baseline -0.001 -21"><span class='ocrx_word' id='word_1_246' title='bbox 119 3371 227 3434; x_wconf 86' lang='lat' dir='ltr'><strong>Natura</strong></span> <span class='ocrx_word' id='word_1_247' title='bbox 252 3374 282 3432; x_wconf 95' lang='lat' dir='ltr'><strong>in</strong></span> <span class='ocrx_word' id='word_1_248' title='bbox 303 3376 406 3451; x_wconf 90' lang='lat' dir='ltr'><strong>terris,</strong></span> <span class='ocrx_word' id='word_1_249' title='bbox 432 3376 500 3453; x_wconf 94' lang='lat' dir='ltr'><strong>quid</strong></span> <span class='ocrx_word' id='word_1_250' title='bbox 522 3375 613 3435; x_wconf 85' lang='lat' dir='ltr'><strong>Roma</strong></span> <span class='ocrx_word' id='word_1_251' title='bbox 633 3374 746 3434; x_wconf 89' lang='lat' dir='ltr'><strong>beatius</strong></span> <span class='ocrx_word' id='word_1_252' title='bbox 768 3390 912 3451; x_wconf 89' lang='lat' dir='ltr'><strong>umquam,</strong></span> 
     </span>
    </p>

    <p class='ocr_par' dir='ltr' id='par_1_27' title="bbox 120 3456 1110 3537">
     <span class='ocr_line' id='line_1_39' title="bbox 120 3456 1110 3537; baseline -0.002 -22"><span class='ocrx_word' id='word_1_253' title='bbox 120 3456 151 3515; x_wconf 92' lang='lat' dir='ltr'><strong>Si</strong></span> <span class='ocrx_word' id='word_1_254' title='bbox 175 3457 373 3518; x_wconf 88' lang='lat' dir='ltr'><strong>circumducto</strong></span> <span class='ocrx_word' id='word_1_255' title='bbox 397 3461 576 3537; x_wconf 86' lang='lat' dir='ltr'><strong>captivorum</strong></span> <span class='ocrx_word' id='word_1_256' title='bbox 597 3459 712 3536; x_wconf 80' lang='lat' dir='ltr'><strong>agmine</strong></span> <span class='ocrx_word' id='word_1_257' title='bbox 735 3466 764 3517; x_wconf 90' lang='lat' dir='ltr'><strong>et</strong></span> <span class='ocrx_word' id='word_1_258' title='bbox 789 3456 865 3516; x_wconf 89' lang='lat' dir='ltr'><strong>omni</strong></span> <span class='ocrx_word' id='word_1_259' title='bbox 1055 3459 1110 3513; x_wconf 74' lang='lat'><strong>28⁰</strong></span> 
     </span>
    </p>
   </div>
   <div class='ocr_carea' id='block_1_5' title="bbox 0 0 1328 4006">
    <p class='ocr_par' dir='ltr' id='par_1_28' title="bbox 0 0 1328 4006">
     <span class='ocr_line' id='line_1_40' title="bbox 0 0 1328 4006; baseline 0 0"><span class='ocrx_word' id='word_1_260' title='bbox 0 0 1328 4006; x_wconf 95' lang='lat' dir='ltr'><strong> </strong></span> 
     </span>
    </p>
   </div>
  </div>
 </body>
</html>
