2626 4006
194 208 237 273 40
535 213 571 262 u.
595 213 668 262 rou.
693 211 881 260 ruvuusnrs

195 357 258 420 Una
281 355 425 417 laboranti
446 354 554 432 poterit
575 369 749 414 succurrere
774 352 868 412 lunae.

195 440 319 520 Imponit
344 437 430 498 linem
452 439 569 516 sapiens
593 445 623 496 et
645 435 733 497 rebus
755 436 901 502 honestis:

195 524 268 585 Nam
291 540 366 602 quac
390 521 476 582 docta
498 521 580 580 nimis
604 523 683 599 cupit
705 529 734 580 et
755 519 879 580 facunda
900 516 1004 595 videri,
1133 528 1189 582 lto
1301 501 1302 556 ³

196 606 290 669 Grure
311 615 395 666 tenus
418 604 514 665 medio
537 605 649 665 tunicas
670 605 846 682 succingere
870 601 969 679 debet,

197 691 330 752 Caedere
353 688 471 750 Silvano
494 705 631 767 porcum,
653 689 812 767 quadrante
835 687 935 748 lavari.

195 775 261 835 Non
282 772 389 834 babeat
409 780 556 848 matrona,
581 770 633 832 tibi
655 789 729 851 quae
751 774 848 833 iuncta
870 770 1023 846 recumbit,

194 856 318 919 Dicendi
339 874 449 934 genus,
473 865 522 917 aut
544 874 661 916 curvum
683 873 818 917 sermone
840 863 936 917 rotato

195 943 344 1021 Torqueat
368 939 566 1016 enthymema,
590 957 647 1000 neo
669 941 805 1001 historias
828 941 900 1000 sciat
922 956 1039 1006 omnes;
1135 947 1190 999 450

195 1027 255 1088 Sed
280 1023 421 1106 quaedam
443 1042 481 1083 ex
502 1024 583 1086 libris
608 1033 637 1084 et
658 1041 715 1084 non
738 1023 899 1100 intellegat.
925 1021 978 1082 Odi

194 1110 276 1172 Hanc
299 1125 375 1186 ego,
398 1126 474 1186 quae
496 1109 603 1187 repetit
626 1106 777 1187 volvitque
800 1107 983 1168 Palaemonis
1007 1115 1109 1181 artem,

195 1195 318 1254 Servata
341 1208 458 1268 semper
481 1192 548 1270 lege
572 1200 601 1251 et
624 1192 735 1252 ratione
760 1192 910 1271 loquendi,

195 1278 376 1354 lgnotosque
399 1274 467 1334 mibi
490 1284 570 1336 tenet
592 1277 750 1354 antiquaria
773 1294 888 1351 versus,

195 1360 262 1420 Nec
289 1359 417 1420 curanda
435 1359 506 1420 viris
530 1361 636 1438 opicae
663 1362 788 1439 castigat
812 1361 925 1421 amicae
1133 1366 1188 1419 tos
1302 1361 1303 1410 ἶ

194 1443 309 1504 Verba:
337 1443 542 1505 soloecismum
563 1443 651 1505 liceat
674 1444 784 1506 iecisse
805 1445 917 1504 marito.

236 1527 284 1588 Nil
305 1544 364 1586 non
385 1530 523 1606 permittit
544 1529 647 1590 mulier
669 1528 741 1603 sibi,
767 1538 851 1606 turpe
877 1536 956 1606 putat
980 1527 1030 1601 nil,

196 1612 289 1686 Quum
309 1611 418 1672 virides
440 1630 571 1688 gemmas
595 1612 673 1673 collo
698 1611 888 1673 circumdedit
912 1620 941 1672 ct
966 1628 1050 1690 quum

194 1695 321 1755 Auribus
347 1699 477 1757 extensis
498 1713 619 1773 magnos
643 1698 785 1758 commisit
808 1696 960 1758 elenchos.

193 1778 409 1841 Intolerabilius
434 1779 504 1840 nibil
531 1790 591 1856 est,
616 1797 700 1857 quam
722 1780 828 1842 femina
850 1781 943 1841 dives.
1133 1787 1189 1841 460

193 1862 309 1923 Interea
332 1862 420 1924 loeda
442 1872 563 1942 aspectu
586 1864 764 1944 ridendaque
785 1864 874 1925 multo

194 1946 273 2007 Pane
298 1955 387 2007 tumet
410 1947 503 2009 iacies
524 1955 572 2008 aut
595 1949 712 2027 pinguia
734 1949 911 2027 Poppaeana

195 2029 309 2109 Spirat,
333 2041 362 2091 et
383 2031 450 2094 binc
471 2033 569 2093 miseri
589 2033 736 2093 viscantur
758 2033 839 2094 labra
860 2033 969 2093 mariti:

195 2114 241 2174 Ad
262 2115 414 2176 moechum
432 2117 492 2178 lota
513 2118 630 2177 veniunt
650 2127 726 2177 cute.
759 2116 880 2191 Quando
899 2114 992 2176 videri

194 2199 263 2258 Vult
284 2199 413 2260 formosa
433 2198 533 2262 domi?
563 2201 694 2262 moechis
719 2201 819 2261 loliata
841 2208 992 2279 parantur;
1132 2209 1186 2263 465

194 2281 245 2342 llis
267 2284 386 2359 emitur,
411 2285 548 2364 quidquid
570 2286 700 2362 graciles
720 2285 777 2345 buc
798 2285 908 2346 mittitis
930 2282 1002 2343 ludi.

132 2407 136 2413 -
195 2366 323 2426 Tandem
343 2369 437 2446 aperit
456 2368 566 2428 vultum
587 2377 617 2428 et
638 2371 762 2429 tectoria
785 2370 877 2448 prima
898 2367 1030 2446 reponit:

194 2451 298 2529 lucipit
320 2452 457 2528 agnosci,
482 2459 570 2530 atque
593 2451 644 2513 illo
667 2452 743 2513 lacte
768 2453 895 2528 fovetur,

194 2535 319 2612 Propter
340 2534 419 2613 quod
436 2552 536 2596 secum
553 2538 675 2597 comites
695 2538 791 2598 educit
813 2537 933 2613 asellas,

193 2617 270 2676 Exul
290 2617 514 2696 Hyperboreum
536 2621 561 2678 si
583 2620 739 2682 dimittatur
762 2621 798 2682 ad
819 2639 913 2680 axem.
1133 2627 1186 2682 tio

195 2700 255 2761 Sed
281 2719 355 2780 quae
380 2704 495 2763 mutatis
519 2704 661 2765 inducitur
687 2715 774 2784 atque
796 2705 913 2766 foretur

193 2783 250 2844 'lot
271 2784 507 2846 medicaminibus
531 2798 693 2869 coctaeque
718 2790 839 2867 siliginis
863 2789 937 2849 odas

194 2868 311 2947 Accipit
334 2877 363 2928 et
383 2872 534 2948 madidae,
560 2873 652 2933 facies
675 2875 789 2935 dicetur
810 2891 847 2934 au
868 2869 975 2933 ulcus?

235 2950 290 3011 Est
312 2956 435 3030 pretium
458 2975 545 3017 curae
568 2958 683 3036 penitus
709 2974 910 3038 cognoscere,
933 2966 995 3016 toto

194 3034 269 3108 Quid
291 3034 398 3097 faciant
419 3041 587 3121 agitentque
609 3043 665 3102 die.
703 3044 733 3102 Si
755 3050 842 3102 nocte
864 3043 982 3102 maritus
1131 3044 1184 3100 475

193 3119 325 3178 Aversus
346 3121 450 3199 iacuit,
473 3126 560 3203 periit
581 3124 715 3202 libraria,
739 3134 848 3205 ponunt

194 3201 351 3264 cosmetae
373 3208 502 3283 tunicas,
526 3208 607 3268 tarde
630 3211 749 3270 venisse
771 3209 913 3270 Liburnus

192 3285 304 3346 Dicitur
326 3299 355 3348 ct
377 3306 488 3368 poenas
510 3292 596 3352 alieni
619 3294 750 3371 pendere
774 3295 866 3354 somni

193 3367 330 3447 Cogitur:
359 3372 408 3432 bic
430 3373 535 3450 iraugit
554 3376 678 3452 ferulas,
702 3376 786 3437 rubet
808 3378 859 3438 ille
882 3377 1013 3454 llagello,

192 3453 247 3513 llic
270 3454 395 3528 scutica;
418 3465 483 3516 sunt
506 3476 579 3537 quae
601 3461 760 3520 tortoribus
782 3479 874 3521 annua
896 3469 1054 3540 praestent.
1129 3467 1181 3519 480
