2600 4006
489 205 614 253 sumna
636 205 683 253 vr.
1059 192 1100 255 39

109 350 211 425 Dicet,
236 349 300 427 quis
322 347 436 407 viduam
459 356 649 424 praegnatem
674 345 779 407 lecerit
801 351 831 404 et
854 359 911 423 quo
1047 354 1100 407 405

109 433 226 502 lleusc;
250 431 354 510 quibus
377 429 475 490 verbis
494 429 665 490 concumbat
688 445 838 510 quaeque,
862 425 955 487 modis
976 436 1055 506 quot.

109 519 265 580 lustuntem
287 517 352 592 regi
374 514 512 573 Armenio
536 513 701 591 Parthoque
723 521 856 574 cometen

109 602 204 662 Prima
227 599 321 672 uidet;
345 598 449 658 lamam
471 614 661 674 rumoresque
683 595 733 657 illa
756 605 891 667 recentes

109 684 228 763 Excipit
252 683 287 743 ad
313 691 430 761 portas,
454 682 593 760 quosdam
616 680 700 750 lacit;
722 681 781 740 isse
803 678 948 758 Niphaten

110 770 143 830 lu
168 765 296 847 populos
316 783 481 843 magnoque
503 765 564 825 illic
586 773 690 825 cuncta
711 781 781 825 arva
801 764 895 823 teneri
1048 772 1102 825 410

109 852 245 927 Diluvio,
271 858 374 910 nutare
398 849 503 925 urbes,
527 847 680 909 subsidere
703 857 808 924 terras,

110 935 302 1014 Quocumque
324 934 353 992 in
374 934 477 1009 trivio,
501 933 671 1010 cuicumque
696 940 742 992 est
765 930 868 1008 obvia,
895 938 1001 992 narrat.

153 1015 217 1078 Nec
239 1027 336 1078 tanuen
356 1017 384 1077 id
405 1018 502 1077 uitium
524 1016 616 1094 magis
638 1014 838 1093 intolerabile,
863 1032 948 1094 quarn
971 1033 1046 1094 quae

110 1104 232 1163 Vicinos
253 1101 377 1161 humiles
396 1118 503 1179 rapere
528 1108 557 1160 et
581 1101 738 1161 concidere
761 1100 832 1160 loris

110 1186 241 1247 Exorata
263 1184 349 1245 solet.
382 1181 454 1245 Nam
477 1185 501 1243 si
524 1184 674 1246 latratibus
696 1184 746 1246 alti
1050 1192 1103 1245 415

111 1270 291 1348 Rumpuntur
313 1269 424 1344 somni,
447 1268 540 1328 fustes
561 1268 619 1328 buc
641 1271 739 1345 ocius,
763 1267 863 1346 inquit,

111 1353 241 1428 Aderte,
265 1361 353 1432 atqua
373 1351 431 1412 illis
450 1351 592 1412 dominum
614 1352 694 1411 iubet
717 1361 783 1413 ante
806 1350 897 1427 feriri,

110 1437 226 1497 Deinde
250 1454 361 1497 canem.
398 1433 500 1497 Gravis
523 1452 664 1512 occursu,
692 1437 840 1495 teterrima
862 1434 941 1494 vultu

110 1521 220 1581 Balnea
239 1528 327 1580 nocta
349 1518 439 1588 subit;
464 1519 592 1579 conchas
615 1529 645 1580 et
667 1527 762 1579 castra
783 1519 895 1577 moueri

111 1603 208 1664 Nocte
231 1603 325 1672 iubet;
348 1620 452 1680 magno
475 1603 584 1679 gaudet
607 1604 713 1664 sudare
734 1601 864 1677 tumultu,
969 1623 970 1628 ¹
1050 1609 1104 1663 420

113 1688 207 1761 Quum
230 1687 338 1748 lassata
360 1688 443 1765 gravi
468 1687 636 1748 ceciderunt
656 1687 775 1749 brachia
797 1703 903 1761 massa,

112 1769 243 1832 Callidus
266 1780 296 1831 et
319 1772 425 1832 cristae
449 1770 557 1848 digitus
579 1773 727 1851 impressit
751 1771 855 1849 aliptes

111 1855 158 1915 Ac
180 1873 318 1915 summum
341 1855 472 1916 dominae
495 1855 589 1915 lemur
612 1857 775 1918 exclamare
798 1855 905 1931 coegit.

112 1936 263 2000 Convivae
287 1940 384 1999 miseri
407 1940 519 2000 interea
542 1956 703 2018 somnoque
725 1939 859 2016 fameque

113 2021 274 2100 [Ingentum
301 2022 416 2084 tandem
436 2023 486 2083 illa
509 2024 588 2083 venit
609 2021 811 2097 rubicundula,
833 2029 923 2081 totum
1050 2027 1103 2082 lto

113 2105 322 2186 Ocnopborum
344 2107 463 2180 sitiens,
490 2106 578 2185 plena
603 2107 680 2184 quod
703 2104 828 2165 tenditur
848 2122 919 2165 urna

111 2189 267 2252 Admotum
290 2190 429 2269 pedibus,
452 2189 488 2249 da
511 2206 568 2268 quo
591 2190 736 2250 sextarius
757 2187 831 2248 alter

112 2273 235 2334 Ducitur
260 2283 326 2334 ante
349 2273 458 2350 cibum,
481 2272 609 2334 rabidam
632 2273 759 2333 lactarus
782 2273 905 2350 orexim,

113 2357 187 2417 Dum
210 2357 285 2419 redit
308 2365 338 2416 et
360 2357 420 2417 loto
443 2365 550 2418 terram
571 2357 638 2418 ierit
660 2358 805 2418 intestino.

113 2439 306 2501 lilarmoribus
329 2442 383 2500 rivi
407 2450 581 2520 properant,
604 2449 703 2502 aurata
727 2440 879 2502 Falernum
1049 2449 1104 2503 430

115 2523 213 2584 Pelvis
237 2522 313 2592 olet3
340 2542 404 2584 nam
426 2525 485 2599 sic,
509 2535 652 2604 tamquam
674 2526 731 2586 altu
753 2527 782 2584 in
804 2524 881 2585 dolia
902 2523 1005 2600 longus

114 2607 267 2668 Deciderit
288 2625 426 2686 serpens,
452 2608 524 2668 bibit
546 2618 576 2668 et
596 2610 694 2669 vomit.
729 2608 809 2686 Ergo
833 2608 949 2667 maritus

113 2690 243 2752 Nauseat
264 2700 350 2770 atque
374 2692 467 2755 oculis
490 2691 578 2753 bilem
601 2693 771 2769 substringit
790 2692 911 2771 opertis.

155 2774 210 2835 llla
230 2784 326 2836 tamen
344 2777 479 2853 gravior,
502 2795 594 2855 quae,
617 2795 702 2855 quum
724 2774 908 2835 discumbere
931 2774 1038 2852 coepit,

114 2859 223 2919 Laudat
243 2859 421 2937 Vergilium,
445 2861 591 2940 periturae
614 2862 740 2938 ignoscit
757 2858 883 2933 Elissae,
1049 2864 1101 2919 43⁵

114 2941 272 3003 Committit
295 2953 376 3004 vates
401 2954 430 3005 et
452 2953 615 3024 comparat;
639 2944 705 3004 inde
728 2941 876 3003 Maronem

114 3026 212 3103 litque
238 3027 293 3086 alia
316 3035 399 3105 parte
420 3030 449 3088 in
470 3030 573 3089 trutina
597 3028 748 3107 suspendit
770 3026 934 3086 Homerum.

113 3107 228 3170 Deduut
250 3113 447 3187 grammatici,
470 3113 621 3173 vincuntur
643 3111 793 3187 rhetores,
821 3111 912 3170 omnis

112 3190 211 3252 Turba
231 3201 322 3262 tacet:
346 3212 402 3255 nec
427 3195 607 3271 causidicus,
634 3214 689 3256 nec
714 3212 823 3275 praeco
851 3196 996 3273 loquetur,

111 3273 215 3336 Altera
237 3294 294 3337 nec
316 3279 435 3340 mulier:
463 3279 617 3339 verborum
639 3289 715 3340 tanta
740 3280 816 3340 cudit
838 3280 896 3346 vis;
1051 3281 1103 3337 llo

111 3357 168 3419 Tot
188 3361 299 3438 pariter
326 3363 430 3441 pelves
452 3381 487 3424 ac
509 3362 694 3423 tintinnabula
716 3365 796 3424 dicas

111 3441 233 3503 l'ulsari.
272 3445 332 3506 lam
358 3463 442 3505 nemo
464 3445 563 3522 tubas,
589 3463 672 3506 nemo
699 3465 768 3507 aera
792 3446 907 3522 fatigem
