2626 4006
207 259 247 321 60
413 313 421 326 ,
537 271 572 318 n.
597 269 668 317 unu.
691 266 877 316 unvunanrs

207 409 299 483 Quam
320 417 349 468 te
376 406 529 468 Thersitae
552 408 673 467 similem
695 408 837 485 producat
857 405 1000 466 Achilles.
1067 471 1070 480 ,

206 491 253 552 ltu·
266 500 377 568 tamen,
401 500 432 551 ut
453 492 542 568 longe
561 501 679 570 repetas
699 492 845 569 longeque
867 489 1006 550 revolvas

206 574 336 651 Nomen,
362 574 398 634 ab
418 574 515 634 infami
532 583 649 651 gentem
669 576 788 636 deducis
810 573 908 649 asylo:

206 657 346 718 blaiorum
366 661 490 738 primus,
514 659 644 737 quisquis
665 659 718 718 luit
738 659 806 733 ille,
826 667 938 717 tuorum

208 741 266 801 hut
286 752 386 821 pastor
410 743 462 802 luit
488 751 536 801 ant
553 741 623 800 illud
646 743 724 822 quod
746 741 845 800 dicere
867 741 947 800 nolo.
1139 749 1195 806 ato

599 937 806 947 -u—-n-u-

545 1083 847 1149 SATIRAIX.

207 1193 297 1288 scire
319 1229 421 1304 velim,
445 1225 536 1308 quare
556 1229 644 1288 toties
664 1228 748 1301 mihi,
773 1225 925 1301 Naevolc,
949 1226 1037 1286 tristis

207 1312 351 1373 Occurras
373 1311 468 1372 fronte
491 1312 632 1386 obducta,
656 1329 712 1370 ceu
732 1310 847 1385 llarsya
866 1311 972 1370 victus.
1103 1381 1109 1392 Ι

207 1395 283 1470 Quid
303 1394 355 1454 tibi
380 1414 444 1455 cum
465 1396 560 1472 vultu,
583 1395 697 1474 qualem
721 1395 884 1472 deprensus
902 1391 1030 1454 habebnt

207 1478 335 1554 naveta,
358 1479 422 1539 dum
444 1478 603 1557 Rhodopes
621 1479 677 1538 uda
698 1478 765 1538 terit
787 1477 901 1554 inguina
924 1471 1035 1536 barba?
1086 1499 1090 1506 ·

207 1563 268 1623 llos
291 1562 445 1640 colaphum
464 1564 615 1622 incutimus
639 1561 774 1622 lambenti
796 1559 923 1620 crustula
945 1575 1044 1619 servo.

211 1646 273 1706 lon
297 1654 360 1704 erat
381 1646 436 1706 hac
455 1647 530 1706 facie
551 1645 744 1706 miserabilior
766 1641 944 1723 Crepereius

209 1728 317 1803 Pollio,
344 1730 392 1807 qui
413 1729 557 1807 triplicem
581 1746 694 1788 usuram
717 1736 866 1806 praestare
890 1734 1007 1805 paratus

209 1810 344 1872 Circumit
370 1821 399 1870 et
419 1811 514 1872 iatuos
535 1830 593 1872 non
612 1813 730 1871 inuenit.
767 1811 849 1871 Unde
870 1818 992 1888 repente

209 1896 265 1955 l'ot
285 1891 396 1972 rugae?
425 1905 505 1954 certe
526 1896 639 1956 modico
661 1903 811 1954 contentus
831 1894 940 1971 agebas

208 1979 334 2038 Vernam
356 1979 499 2056 equitem,
521 1981 643 2039 conviva
664 1980 731 2039 ioco
757 1977 907 2038 mordente
931 1977 1046 2036 facetus
1161 1991 1195 2042 ro

208 2062 245 2122 Et
267 2061 375 2121 salibus
397 2062 555 2122 vehemens
575 2065 649 2123 intra
669 2063 819 2141 pomoeria
839 2061 923 2120 natis.

209 2144 310 2205 Omnia
332 2162 407 2204 nuuc
434 2155 548 2207 contra:
568 2146 664 2206 vultus
685 2148 800 2222 gravis,
822 2144 942 2204 horrida
963 2145 1063 2203 siccae

209 2228 288 2289 stira
310 2244 427 2303 comae,
447 2230 540 2289 nullus
563 2238 622 2290 tota
644 2231 719 2289 nitor
738 2231 768 2288 ia
787 2238 869 2303 cute,
893 2227 1007 2305 qualem

208 2310 316 2371 bruttia
338 2311 506 2388 praestabat
525 2312 611 2372 calidi
630 2313 680 2372 tibi
701 2313 793 2373 inscia
813 2311 898 2386 visci,

209 2395 268 2456 Sed
288 2394 440 2454 fruticante
463 2396 523 2472 pilo
545 2395 681 2472 neglecta
704 2405 733 2456 et
754 2394 885 2474 squalida
906 2411 999 2454 crura.
1161 2405 1193 2458 15
1302 2421 1303 2448 r

209 2477 284 2550 Quid
307 2479 415 2537 macies
434 2479 519 2554 aegri
537 2480 661 2554 veteris,
687 2498 772 2558 quem
792 2488 925 2557 tempore
946 2477 1036 2554 longo

209 2561 315 2622 Torret
337 2570 436 2638 quarta
462 2562 526 2621 dies
545 2562 670 2640 olimque
692 2564 851 2623 domestica
871 2559 986 2620 lebris'l

208 2644 381 2723 Deprendas
402 2645 487 2704 animi
511 2653 652 2705 tormenta
673 2646 789 2706 latentis
810 2647 839 2704 in
857 2661 948 2721 aegro

210 2726 360 2805 Corpore,
380 2726 544 2804 deprendas
563 2739 592 2789 et
612 2728 729 2806 gaudia;
752 2730 837 2788 sumit
859 2737 1010 2806 utrumque

209 2810 279 2871 lude
301 2809 425 2870 habitum
446 2811 546 2872 iacies.
580 2811 670 2890 lgitur
684 2813 803 2872 flexisse
823 2811 931 2871 videris
1158 2821 1195 2872 w

209 2894 393 2973 Propositum
416 2904 445 2954 et
466 2897 542 2956 vitae
565 2898 724 2956 contrarius
745 2897 788 2955 ire
813 2896 914 2975 priori.

209 2977 309 3056 Nuper
329 2979 420 3054 enim,
444 2988 472 3038 ut
493 2988 612 3058 repeto,
635 2980 730 3039 fanum
751 2978 834 3040 lsidis
854 2988 883 3038 et
903 2975 1097 3052 Ganymedem

208 3060 293 3120 Pacis
316 3068 345 3120 et
367 3063 507 3122 advectae
529 3071 645 3122 secreta
670 3061 777 3140 palatia
798 3061 898 3121 lintris

210 3142 246 3202 Et
267 3140 406 3204 Cererem
426 3146 505 3224 (nam
527 3161 585 3223 quo
609 3162 666 3205 uon
688 3154 799 3223 prostat
822 3145 927 3204 femina
947 3142 1056 3222 templo
1064 3138 1095 3222 l)

210 3224 313 3287 Notior
336 3227 452 3288 Aufidio
474 3227 614 3288 moechus
640 3228 790 3289 scelerare
812 3226 943 3304 solebas,
1159 3238 1195 3290 2⁵

210 3308 353 3389 Quodque
377 3321 474 3386 taces,
501 3312 583 3389 ipsos
608 3313 693 3372 etiam
714 3313 853 3372 inclinare
874 3313 1002 3372 maritos.

253 3393 353 3468 „Utile
373 3401 403 3452 et
423 3393 480 3453 hoc
498 3394 595 3454 multis
614 3395 692 3454 ritae
714 3411 821 3473 genus;
844 3405 872 3456 at
893 3395 960 3454 mihi
982 3393 1090 3453 nullum

210 3474 279 3539 lude
300 3492 412 3554 operae
433 3477 564 3554 pretium.
602 3477 727 3555 Pingues
748 3478 901 3556 aliquando
925 3478 1069 3552 lacernas,
