2600 4006
205 251 295 298 XVIII
596 246 804 295 PRAEFATIO.

205 393 366 465 disputatione
378 391 552 447 emendandum
570 399 620 459 est,
638 399 666 446 ut
676 408 700 446 ι.
713 395 761 456 75,
779 391 803 445 in
820 406 867 463 quo
885 398 943 446 tunc
954 397 1053 462 uterque
1064 392 1189 464 vulgatam

204 477 333 534 lectionem
344 475 509 547 sequebamur,
521 476 568 530 iam
579 490 634 530 curn
646 474 727 529 labnio
743 475 849 529 blercerii
860 476 979 530 medelam
990 475 1093 544 amplexi
1104 474 1189 532 Ombi-

204 569 283 618 tarum
301 567 326 616 et
336 560 511 632 Tentyritarum
536 565 615 629 partes
632 564 809 628 permutemus,
831 573 953 630 quumque
970 559 1024 613 illos
1040 559 1189 615 crocodilum

205 645 322 710 coluisse,
333 644 378 700 bos
389 644 554 715 perhorruisse
566 649 659 697 certum
669 643 713 705 sit,
727 643 821 696 illorum
833 643 913 712 potius
926 642 989 697 diem
1002 642 1090 696 festum
1101 643 1130 696 ab
1142 643 1188 708 his,

204 745 253 786 non
271 729 357 784 horum
379 727 409 782 ab
421 728 467 783 illis
481 726 603 781 turbatum
618 740 696 797 neque
708 724 816 780 Ombitas
830 741 843 779 a
855 725 982 797 Tentyritis
998 725 1040 780 sed
1054 726 1188 797 Tentyrites

205 809 346 868 abOmbitin
357 812 454 884 fugatos
466 825 519 865 esse
528 816 675 872 statuamus;
689 810 721 864 ita
732 824 788 862 vero
798 809 869 862 ctiam
881 809 1027 878 probabilior
1037 815 1123 880 poetae
1133 826 1188 865 nar·

204 896 265 952 ratio
277 897 371 959 existet,
384 910 429 966 qua
441 900 568 965 postquam
579 894 713 948 nniversam
721 892 892 964 Aegyptiarum
909 893 1055 964 religionum
1071 893 1187 949 insaniam

203 979 297 1036 notavit
308 979 345 1046 (v.
358 980 489 1047 1-16),
507 983 630 1032 cruentam
640 977 716 1030 rixam
734 991 766 1030 ex
776 976 866 1030 mutuis
883 977 1012 1032 earundem
1030 975 1090 1031 odiis
1106 978 1188 1033 oriun-

205 1063 260 1118 dam
270 1062 369 1131 expouit
380 1060 416 1128 (ιι.
426 1063 578 1129 17-16),
599 1060 667 1115 cuius
679 1058 718 1114 bic
729 1061 807 1114 exitus
818 1059 903 1123 luerit,
917 1067 945 1114 ut
954 1061 1058 1114 victores
1068 1075 1144 1115 ιιιιιιιιι
1157 1077 1187 1116 ex

205 1146 281 1213 uictis,
297 1146 369 1217 quem
378 1146 459 1200 vivum
470 1144 598 1214 cepissent,
612 1143 723 1198 manibus
734 1144 784 1198 suis
795 1143 942 1214 discerptum
952 1144 1092 1198 devorarent
1104 1144 1141 1211 (v.
1152 1149 1185 1204 77

204 1231 300 1298 -9i)
320 1228 534 1301 eaquorelacinus
553 1228 663 1294 ederent,
683 1227 721 1283 cni
739 1227 816 1282 simile
826 1227 867 1282 ιιίιι
885 1228 989 1284 leramm
1006 1228 1116 1299 gentium
1134 1243 1187 1282 me

204 1313 280 1369 moria
297 1313 421 1368 dirissimis
438 1311 586 1382 temporibus
603 1318 685 1367 nosset
707 1310 742 1378 (r.
759 1312 928 1380 tte-115),
945 1311 1117 1368 humanitatem
1129 1327 1187 1367 vero

204 1397 268 1470 quod
287 1397 365 1469 magis
381 1397 481 1452 dolaret
497 1396 596 1451 inueniri
616 1397 673 1451 nibil
694 1403 776 1466 posset
798 1395 840 1461 (ι.
853 1399 949 1453 116-
961 1397 1041 1464 174).
1070 1395 1187 1450 Incertior

203 1481 400 1536 oaetdcdeciome
413 1481 483 1552 origo
501 1486 548 1544 cst,
568 1495 639 1552 quam
650 1481 691 1552 qui
709 1479 864 1550 exploderent
883 1479 1046 1550 luvenalisque
1063 1493 1116 1534 esso
1133 1480 1187 1534 nol-

203 1564 267 1630 lent,
287 1564 334 1620 iam
346 1564 473 1621 scholiasta
484 1563 564 1627 norit3
576 1565 675 1620 eandem
686 1571 766 1620 tamm
782 1564 803 1617 si
814 1562 949 1618 inchoatam
966 1579 1014 1618 nou
1027 1562 1161 1618 absolutam
1173 1581 1187 1618 a

203 1655 275 1718 poeta
285 1653 434 1714 statuamus,
446 1663 477 1702 ne
488 1648 551 1703 illins
561 1649 657 1719 quidem
667 1649 759 1720 ingenii
769 1647 878 1719 vestigiis
889 1661 969 1703 carere
979 1648 1040 1702 scite
1050 1647 1078 1703 G.
1092 1646 1119 1701 Ε.
1127 1649 1186 1702 We·

203 1731 275 1786 beros
284 1731 308 1785 in
319 1731 348 1787 N.
362 1731 445 1788 dnnal.
459 1735 524 1790 1841
536 1732 563 1787 Τ.
576 1731 679 1795 XXXII,
692 1747 717 1802 p.
728 1737 780 1789 150
790 1747 841 1802 sqq.
853 1731 1027 1787 animadvertit.
1054 1731 1112 1803 Agit
1122 1732 1186 1785 enim

204 1815 234 1870 de
246 1815 450 1872 commodissime
460 1815 582 1882 militaris,
598 1816 640 1870 s‘ed
651 1816 684 1870 ita
694 1821 721 1870 ut
732 1815 793 1869 inter
803 1815 925 1870 simulatas
936 1816 1006 1870 innius
1024 1815 1107 1870 laudes
1117 1830 1185 1886 prae·

204 1898 275 1968 cipue
290 1899 347 1952 iuris
365 1899 514 1970 iniquitatem
531 1899 664 1962 describat,
683 1915 730 1970 qua
747 1900 834 1970 pagani
853 1915 909 1955 cum
928 1898 1043 1954 militibus
1054 1899 1186 1970 comparati

202 1981 384 2054 premebantur;
396 1983 460 2053 quod
470 1982 516 2037 nisi
524 1985 577 2055 quis
590 1983 677 2038 tirorois
687 1984 833 2038 mentionem
840 2001 863 2038 ι.
871 1987 908 2042 3a
918 1983 981 2038 senis
988 1989 1074 2052 poetae
1084 1998 1186 2052 persona

202 2069 330 2125 abhorrere
347 2067 480 2133 censuerit,
503 2083 580 2139 neque
596 2069 619 2123 in
637 2075 780 2139 argumento
803 2083 881 2139 neque
897 2067 922 2120 in
938 2067 1088 2138 singularum
1104 2082 1185 2122 rerum

203 2153 344 2209 tractatione
355 2151 484 2225 quidquam
496 2151 613 2219 inveniet,
625 2151 689 2223 quod
701 2152 772 2206 scribi
787 2151 816 2207 ab
833 2152 881 2206 boc
890 2150 997 2221 potuisse
1008 2157 1074 2206 recte
1085 2157 1168 2224 neget.

286 2236 404 2292 luvenalis
420 2235 506 2291 satiras
516 2235 782 2306 sequentibusquoque
795 2234 882 2290 seculis
899 2234 1016 2304 placuisse
1028 2235 1117 2306 insigni
1128 2235 1185 2290 dm-

203 2319 275 2375 miani
285 2319 415 2375 Marcellini
426 2319 564 2374 testimonio
577 2319 760 2388 cognoscimus,
773 2319 813 2388 qui
823 2317 928 2372 XXVlll.
941 2320 958 2373 4
973 2319 1011 2372 vel
1023 2319 1063 2391 qui
1080 2313 1185 2390 alioquin

203 2403 326 2459 ὼαιίιιαι
340 2409 367 2457 ut
376 2419 467 2456 cenem
477 2402 660 2465 detestarentur,
678 2398 810 2456 bobendon
825 2409 848 2455 ct
858 2399 961 2454 Medum
971 2400 1103 2457 dissimum
1114 2419 1182 2458 cura·

202 2486 262 2542 tiore
272 2485 351 2540 nouo
364 2485 441 2540 lenem
450 2491 542 2547 narrat,
561 2485 628 2540 nodo
648 2484 766 2538 coturnica
779 2491 876 2555 moster
891 2483 948 2538 laceo
966 2485 993 2539 iu
999 2487 1123 2558 profundo
1137 2487 1185 2541 otio

202 2575 385 2631 mairomontem
401 2583 448 2623 nec
463 2569 484 2623 si
500 2566 545 2622 bos
562 2569 626 2623 idem
644 2567 790 2636 turpitudine
808 2568 887 2637 potius
905 2575 1104 2640 argumentorum
1121 2570 1185 2624 allici

201 2651 326 2724 significat
334 2652 418 2725 (pum
428 2651 456 2706 ob
467 2667 570 2716 mont,
581 2669 630 2706 oon
640 2651 748 2706 inmoti
757 2657 792 2706 est
801 2651 899 2721 oasin),
914 2653 972 2707 alios
984 2653 1105 2708 censoriae
1115 2653 1185 2708 ἰὺιιιιε

200 2735 315 2810 pudorne
333 2752 357 2791 ιιι
376 2750 405 2790 eo
417 2734 564 2790 declarasse
580 2735 684 2790 ostendit
704 2734 777 2790 Rutil.
789 2734 882 2790 Namat.
895 2735 974 2794 ltiner.
994 2737 1012 2792 l.
1025 2740 1090 2798 6043
1108 2737 1185 2792 immo

201 2835 234 2876 ne
241 2819 308 2875 taciti
318 2819 414 2892 quidem
425 2822 499 2875 nomia
504 2819 528 2858 I*
541 2821 708 2874 auctoritatem
726 2820 831 2875 cmditos
842 2820 936 2892 fugisse
946 2818 1082 2875 blacrobius
1094 2821 1184 2892 arguit,

201 2903 334 2978 quiSomn.
345 2903 461 2975 Sciplit
471 2904 578 2960 decimae
587 2905 674 2959 satirae
683 2903 755 2958 uerba
766 2904 858 2959 ocrem
867 2904 948 2968 irasci,
963 2903 1113 2975 eupiunibci
1121 2910 1185 2958 tam·

201 3003 273 3061 quam
283 2989 358 3060 vulgo
375 2995 432 3044 nota
443 2995 558 3059 usurpat;
569 2995 643 3060 utque
655 2989 825 3060 grammaticos
835 2989 937 3051 mittam,
950 2987 1022 3041 eliam
1033 2987 1112 3042 medio
1125 3003 1185 3044 aeuo

201 3085 276 3143 quum
292 3071 322 3126 ab
340 3071 392 3126 aliis
407 3072 577 3143 scriptoribus,
597 3073 662 3128 Beda
673 3072 819 3139 Venerabili,
837 3071 996 3142 liutprando,
1016 3070 1107 3125 ddamo
1124 3072 1184 3126 Bre-

201 3155 278 3209 mensi
289 3155 378 3224 passim
388 3155 504 3219 laudatur,
516 3162 568 3210 inm
580 3171 594 3210 a
604 3157 692 3211 loanne
700 3155 868 3212 Sarisberieusi
883 3155 916 3210 ita
927 3154 977 3209 iere
989 3161 1144 3222 memoratur,
1157 3163 1184 3212 ut

199 3237 304 3308 simplici
325 3237 395 3294 etbioi
411 3240 509 3294 nomine
519 3240 595 3311 vulgo
617 3247 702 3295 notum
718 3240 791 3296 tuisse
807 3239 979 3310 intelligamus.
1013 3237 1101 3292 Verum
1118 3240 1183 3294 enim

199 3335 257 3378 roro
270 3323 316 3378 bns
323 3337 407 3378 omncs
417 3338 466 3379 non
475 3338 646 3395 usquequaque
653 3324 755 3379 eundern
760 3323 888 3378 verborum
895 3328 1005 3378 tenorem
1014 3321 1112 3394 legisse,
1124 3319 1184 3394 qua-

117 3427 121 3434 ’
200 3405 231 3462 lis
246 3421 278 3462 ex
288 3412 374 3478 poetae
384 3408 494 3464 manibus
503 3408 644 3478 pmdiissei,
663 3408 734 3462 certis
749 3405 858 3484 vestigio
877 3411 984 3467 constats
1002 3421 1062 3477 quac
1079 3405 1183 3461 dubitari

200 3505 250 3546 non
262 3491 343 3546 sinunt
355 3493 411 3563 quin
428 3493 500 3547 etiam
516 3498 609 3562 practer
626 3491 710 3546 solitos
727 3489 877 3544 librariorum
894 3504 999 3553 emorcs,
1016 3504 1118 3560 quorum
1135 3490 1183 3544 iam

200 3575 382 3652 palimpsestum
405 3575 561 3648 antiquissimi
578 3574 667 3629 codicis
691 3575 853 3644 fragmentum
878 3574 941 3644 apud
956 3574 1020 3644 bug,
1044 3571 1090 3626 ilai
1105 3573 1182 3631 Clam
