<?xml version="1.0" encoding="UTF-8"?>
<!DOCTYPE html PUBLIC "-//W3C//DTD XHTML 1.0 Transitional//EN"
    "http://www.w3.org/TR/xhtml1/DTD/xhtml1-transitional.dtd">
<html xmlns="http://www.w3.org/1999/xhtml" xml:lang="en" lang="en">
 <head>
  <title>
</title>
<meta http-equiv="Content-Type" content="text/html;charset=utf-8" />
  <meta name='ocr-system' content='tesseract 3.04.00' />
  <meta name='ocr-capabilities' content='ocr_page ocr_carea ocr_par ocr_line ocrx_word'/>
</head>
<body>
  <div class='ocr_page' id='page_1' title='image "./satirarumlibriq03juvegoog_0147.png"; bbox 0 0 2626 4006; ppageno 0'>
   <div class='ocr_carea' id='block_1_1' title="bbox 534 255 872 306">
    <p class='ocr_par' dir='ltr' id='par_1_1' title="bbox 534 255 872 306">
     <span class='ocr_line' id='line_1_1' title="bbox 534 255 872 306; baseline -0.009 0"><span class='ocrx_word' id='word_1_1' title='bbox 534 259 569 306; x_wconf 84' lang='lat' dir='ltr'><strong>D.</strong></span> <span class='ocrx_word' id='word_1_2' title='bbox 591 258 664 306; x_wconf 76' lang='lat' dir='ltr'><strong>lun.</strong></span> <span class='ocrx_word' id='word_1_3' title='bbox 686 255 872 304; x_wconf 81' lang='lat' dir='ltr'>IUVENALIS</span> 
     </span>
    </p>
   </div>
   <div class='ocr_carea' id='block_1_2' title="bbox 521 557 864 624">
    <p class='ocr_par' dir='ltr' id='par_1_2' title="bbox 521 557 864 624">
     <span class='ocr_line' id='line_1_2' title="bbox 521 557 864 624; baseline -0.006 -1"><span class='ocrx_word' id='word_1_4' title='bbox 521 557 864 624; x_wconf 84' lang='lat' dir='ltr'>SATIRAXVI.</span> 
     </span>
    </p>
   </div>
   <div class='ocr_carea' id='block_1_3' title="bbox 194 693 1184 3564">
    <p class='ocr_par' dir='ltr' id='par_1_3' title="bbox 196 693 1184 1217">
     <span class='ocr_line' id='line_1_3' title="bbox 198 693 954 798; baseline -0.004 -17"><span class='ocrx_word' id='word_1_5' title='bbox 198 693 275 797; x_wconf 60' lang='lat' dir='ltr'><strong>(luis</strong></span> <span class='ocrx_word' id='word_1_6' title='bbox 296 736 447 779; x_wconf 88' lang='lat' dir='ltr'><strong>numerare</strong></span> <span class='ocrx_word' id='word_1_7' title='bbox 470 728 559 798; x_wconf 90' lang='lat' dir='ltr'><strong>queat</strong></span> <span class='ocrx_word' id='word_1_8' title='bbox 581 718 675 779; x_wconf 83' lang='lat' dir='ltr'><strong>felicis</strong></span> <span class='ocrx_word' id='word_1_9' title='bbox 697 720 843 796; x_wconf 87' lang='lat' dir='ltr'><strong>praemia,</strong></span> <span class='ocrx_word' id='word_1_10' title='bbox 868 716 954 795; x_wconf 81' lang='lat' dir='ltr'><strong>Galli,</strong></span> 
     </span>
     <span class='ocr_line' id='line_1_4' title="bbox 197 801 947 880; baseline -0.011 -10"><span class='ocrx_word' id='word_1_11' title='bbox 197 801 340 870; x_wconf 81' lang='lat' dir='ltr'><strong>Militiae?</strong></span> <span class='ocrx_word' id='word_1_12' title='bbox 362 821 426 864; x_wconf 90' lang='lat' dir='ltr'><strong>nam</strong></span> <span class='ocrx_word' id='word_1_13' title='bbox 451 804 475 862; x_wconf 90' lang='lat' dir='ltr'><strong>si</strong></span> <span class='ocrx_word' id='word_1_14' title='bbox 498 802 654 863; x_wconf 70' lang='lat' dir='ltr'>subeuntur</span> <span class='ocrx_word' id='word_1_15' title='bbox 676 819 819 880; x_wconf 92' lang='lat' dir='ltr'><strong>prospera</strong></span> <span class='ocrx_word' id='word_1_16' title='bbox 842 811 947 878; x_wconf 86' lang='lat' dir='ltr'><strong>castra,</strong></span> 
     </span>
     <span class='ocr_line' id='line_1_5' title="bbox 197 884 962 968; baseline -0.013 -14"><span class='ocrx_word' id='word_1_17' title='bbox 197 892 246 954; x_wconf 82' lang='lat' dir='ltr'><strong>lle</strong></span> <span class='ocrx_word' id='word_1_18' title='bbox 268 888 401 968; x_wconf 85' lang='lat' dir='ltr'><strong>pavidum</strong></span> <span class='ocrx_word' id='word_1_19' title='bbox 423 887 551 966; x_wconf 81' lang='lat' dir='ltr'><strong>excipiat</strong></span> <span class='ocrx_word' id='word_1_20' title='bbox 576 889 699 947; x_wconf 89' lang='lat' dir='ltr'><strong>tironem</strong></span> <span class='ocrx_word' id='word_1_21' title='bbox 723 894 808 964; x_wconf 90' lang='lat' dir='ltr'><strong>porta</strong></span> <span class='ocrx_word' id='word_1_22' title='bbox 834 884 962 946; x_wconf 91' lang='lat' dir='ltr'><strong>secundo</strong></span> 
     </span>
     <span class='ocr_line' id='line_1_6' title="bbox 196 968 974 1047; baseline -0.017 -7"><span class='ocrx_word' id='word_1_23' title='bbox 196 976 311 1040; x_wconf 87' lang='lat' dir='ltr'>Sidere.</span> <span class='ocrx_word' id='word_1_24' title='bbox 352 971 420 1031; x_wconf 90' lang='lat' dir='ltr'><strong>Plus</strong></span> <span class='ocrx_word' id='word_1_25' title='bbox 445 972 551 1031; x_wconf 84' lang='lat' dir='ltr'><strong>etenim</strong></span> <span class='ocrx_word' id='word_1_26' title='bbox 574 971 625 1031; x_wconf 85' lang='lat' dir='ltr'><strong>lati</strong></span> <span class='ocrx_word' id='word_1_27' title='bbox 649 969 728 1030; x_wconf 88' lang='lat' dir='ltr'><strong>valet</strong></span> <span class='ocrx_word' id='word_1_28' title='bbox 750 970 822 1030; x_wconf 89' lang='lat' dir='ltr'><strong>hora</strong></span> <span class='ocrx_word' id='word_1_29' title='bbox 846 968 974 1047; x_wconf 81' lang='lat' dir='ltr'><strong>benigni,</strong></span> 
     </span>
     <span class='ocr_line' id='line_1_7' title="bbox 199 1051 1184 1134; baseline -0.005 -18"><span class='ocrx_word' id='word_1_30' title='bbox 199 1059 291 1134; x_wconf 84' lang='lat' dir='ltr'><strong>Quam</strong></span> <span class='ocrx_word' id='word_1_31' title='bbox 313 1056 338 1116; x_wconf 92' lang='lat' dir='ltr'><strong>si</strong></span> <span class='ocrx_word' id='word_1_32' title='bbox 361 1072 414 1115; x_wconf 91' lang='lat' dir='ltr'><strong>uos</strong></span> <span class='ocrx_word' id='word_1_33' title='bbox 432 1054 557 1114; x_wconf 89' lang='lat' dir='ltr'><strong>Veneris</strong></span> <span class='ocrx_word' id='word_1_34' title='bbox 578 1054 759 1114; x_wconf 88' lang='lat' dir='ltr'><strong>commendet</strong></span> <span class='ocrx_word' id='word_1_35' title='bbox 782 1053 907 1130; x_wconf 90' lang='lat' dir='ltr'><strong>epistola</strong></span> <span class='ocrx_word' id='word_1_36' title='bbox 929 1051 1011 1114; x_wconf 88' lang='lat' dir='ltr'><strong>llarti</strong></span> <span class='ocrx_word' id='word_1_37' title='bbox 1167 1065 1184 1118; x_wconf 80' lang='lat' dir='ltr'><strong>s</strong></span> 
     </span>
     <span class='ocr_line' id='line_1_8' title="bbox 197 1136 920 1217; baseline -0.011 -14"><span class='ocrx_word' id='word_1_38' title='bbox 197 1143 235 1203; x_wconf 84' lang='lat' dir='ltr'><strong>Et</strong></span> <span class='ocrx_word' id='word_1_39' title='bbox 258 1140 354 1201; x_wconf 89' lang='lat' dir='ltr'><strong>Samia</strong></span> <span class='ocrx_word' id='word_1_40' title='bbox 379 1140 514 1217; x_wconf 82' lang='lat' dir='ltr'><strong>genetrix</strong></span> <span class='ocrx_word' id='word_1_41' title='bbox 537 1156 612 1217; x_wconf 86' lang='lat' dir='ltr'><strong>quae</strong></span> <span class='ocrx_word' id='word_1_42' title='bbox 637 1136 800 1198; x_wconf 89' lang='lat' dir='ltr'><strong>delectatur</strong></span> <span class='ocrx_word' id='word_1_43' title='bbox 823 1154 920 1197; x_wconf 90' lang='lat' dir='ltr'><strong>arena.</strong></span> 
     </span>
    </p>

    <p class='ocr_par' dir='ltr' id='par_1_4' title="bbox 194 1220 1183 3564">
     <span class='ocr_line' id='line_1_9' title="bbox 240 1220 1075 1300; baseline -0.006 -14"><span class='ocrx_word' id='word_1_44' title='bbox 240 1220 398 1286; x_wconf 75' lang='lat' dir='ltr'><strong>Commoda</strong></span> <span class='ocrx_word' id='word_1_45' title='bbox 423 1231 579 1283; x_wconf 80' lang='lat' dir='ltr'>tractemus</span> <span class='ocrx_word' id='word_1_46' title='bbox 604 1222 723 1300; x_wconf 90' lang='lat' dir='ltr'><strong>primum</strong></span> <span class='ocrx_word' id='word_1_47' title='bbox 747 1222 925 1297; x_wconf 79' lang='lat' dir='ltr'><strong>communia,</strong></span> <span class='ocrx_word' id='word_1_48' title='bbox 954 1238 1075 1300; x_wconf 90' lang='lat' dir='ltr'><strong>quorum</strong></span> 
     </span>
     <span class='ocr_line' id='line_1_10' title="bbox 197 1304 1022 1383; baseline -0.007 -13"><span class='ocrx_word' id='word_1_49' title='bbox 197 1309 279 1370; x_wconf 86' lang='lat' dir='ltr'>Haud</span> <span class='ocrx_word' id='word_1_50' title='bbox 306 1307 447 1366; x_wconf 90' lang='lat' dir='ltr'><strong>minimum</strong></span> <span class='ocrx_word' id='word_1_51' title='bbox 469 1306 540 1368; x_wconf 95' lang='lat' dir='ltr'><strong>illud</strong></span> <span class='ocrx_word' id='word_1_52' title='bbox 563 1307 633 1381; x_wconf 80' lang='lat' dir='ltr'><strong>erit,</strong></span> <span class='ocrx_word' id='word_1_53' title='bbox 656 1323 693 1364; x_wconf 91' lang='lat' dir='ltr'><strong>ne</strong></span> <span class='ocrx_word' id='word_1_54' title='bbox 715 1313 744 1365; x_wconf 92' lang='lat' dir='ltr'><strong>te</strong></span> <span class='ocrx_word' id='word_1_55' title='bbox 769 1304 887 1383; x_wconf 87' lang='lat' dir='ltr'><strong>pulsare</strong></span> <span class='ocrx_word' id='word_1_56' title='bbox 907 1315 1022 1383; x_wconf 90' lang='lat' dir='ltr'><strong>togatus</strong></span> 
     </span>
     <span class='ocr_line' id='line_1_11' title="bbox 196 1387 984 1469; baseline -0.01 -13"><span class='ocrx_word' id='word_1_57' title='bbox 196 1393 329 1467; x_wconf 78' lang='lat' dir='ltr'><strong>Audeat,</strong></span> <span class='ocrx_word' id='word_1_58' title='bbox 352 1390 436 1449; x_wconf 91' lang='lat' dir='ltr'><strong>immo</strong></span> <span class='ocrx_word' id='word_1_59' title='bbox 461 1399 505 1466; x_wconf 85' lang='lat' dir='ltr'><strong>et,</strong></span> <span class='ocrx_word' id='word_1_60' title='bbox 529 1391 554 1449; x_wconf 90' lang='lat' dir='ltr'><strong>si</strong></span> <span class='ocrx_word' id='word_1_61' title='bbox 577 1390 724 1469; x_wconf 82' lang='lat' dir='ltr'>pulsetur,</span> <span class='ocrx_word' id='word_1_62' title='bbox 747 1387 908 1448; x_wconf 85' lang='lat' dir='ltr'><strong>dissimulet</strong></span> <span class='ocrx_word' id='word_1_63' title='bbox 929 1407 984 1448; x_wconf 91' lang='lat' dir='ltr'><strong>uec</strong></span> 
     </span>
     <span class='ocr_line' id='line_1_12' title="bbox 197 1471 1183 1552; baseline -0.008 -14"><span class='ocrx_word' id='word_1_64' title='bbox 197 1477 313 1538; x_wconf 83' lang='lat' dir='ltr'>Audeat</span> <span class='ocrx_word' id='word_1_65' title='bbox 337 1491 480 1535; x_wconf 88' lang='lat' dir='ltr'><strong>excussos</strong></span> <span class='ocrx_word' id='word_1_66' title='bbox 502 1475 631 1552; x_wconf 91' lang='lat' dir='ltr'><strong>praetori</strong></span> <span class='ocrx_word' id='word_1_67' title='bbox 655 1471 811 1532; x_wconf 89' lang='lat' dir='ltr'><strong>ostendere</strong></span> <span class='ocrx_word' id='word_1_68' title='bbox 837 1472 938 1533; x_wconf 90' lang='lat' dir='ltr'><strong>dentes</strong></span> <span class='ocrx_word' id='word_1_69' title='bbox 1151 1487 1183 1538; x_wconf 89' lang='lat' dir='ltr'><strong>lo</strong></span> 
     </span>
     <span class='ocr_line' id='line_1_13' title="bbox 196 1555 928 1638; baseline -0.008 -15"><span class='ocrx_word' id='word_1_70' title='bbox 196 1561 234 1622; x_wconf 81' lang='lat' dir='ltr'><strong>lit</strong></span> <span class='ocrx_word' id='word_1_71' title='bbox 256 1562 366 1638; x_wconf 86' lang='lat' dir='ltr'><strong>nigrum</strong></span> <span class='ocrx_word' id='word_1_72' title='bbox 391 1559 419 1617; x_wconf 92' lang='lat' dir='ltr'><strong>in</strong></span> <span class='ocrx_word' id='word_1_73' title='bbox 442 1557 517 1618; x_wconf 80' lang='lat' dir='ltr'><strong>facie</strong></span> <span class='ocrx_word' id='word_1_74' title='bbox 540 1557 653 1617; x_wconf 87' lang='lat' dir='ltr'><strong>tumidis</strong></span> <span class='ocrx_word' id='word_1_75' title='bbox 678 1555 817 1626; x_wconf 85' lang='lat' dir='ltr'>livoribus</span> <span class='ocrx_word' id='word_1_76' title='bbox 844 1557 928 1617; x_wconf 86' lang='lat' dir='ltr'><strong>ollam</strong></span> 
     </span>
     <span class='ocr_line' id='line_1_14' title="bbox 196 1640 1004 1723; baseline -0.009 -18"><span class='ocrx_word' id='word_1_77' title='bbox 196 1646 294 1723; x_wconf 85' lang='lat' dir='ltr'>Atque</span> <span class='ocrx_word' id='word_1_78' title='bbox 316 1642 431 1702; x_wconf 86' lang='lat' dir='ltr'><strong>oculum</strong></span> <span class='ocrx_word' id='word_1_79' title='bbox 454 1641 568 1701; x_wconf 90' lang='lat' dir='ltr'><strong>medico</strong></span> <span class='ocrx_word' id='word_1_80' title='bbox 591 1640 630 1700; x_wconf 91' lang='lat' dir='ltr'><strong>nil</strong></span> <span class='ocrx_word' id='word_1_81' title='bbox 654 1641 839 1720; x_wconf 88' lang='lat' dir='ltr'><strong>promittente</strong></span> <span class='ocrx_word' id='word_1_82' title='bbox 862 1641 1004 1700; x_wconf 90' lang='lat' dir='ltr'><strong>relictum.</strong></span> 
     </span>
     <span class='ocr_line' id='line_1_15' title="bbox 196 1723 932 1802; baseline -0.007 -13"><span class='ocrx_word' id='word_1_83' title='bbox 196 1727 355 1789; x_wconf 81' lang='lat' dir='ltr'>Bardaicus</span> <span class='ocrx_word' id='word_1_84' title='bbox 378 1725 465 1785; x_wconf 90' lang='lat' dir='ltr'>iudex</span> <span class='ocrx_word' id='word_1_85' title='bbox 487 1725 567 1784; x_wconf 91' lang='lat' dir='ltr'>datur</span> <span class='ocrx_word' id='word_1_86' title='bbox 592 1725 666 1784; x_wconf 89' lang='lat' dir='ltr'><strong>haec</strong></span> <span class='ocrx_word' id='word_1_87' title='bbox 689 1725 790 1802; x_wconf 93' lang='lat' dir='ltr'><strong>punire</strong></span> <span class='ocrx_word' id='word_1_88' title='bbox 812 1723 932 1801; x_wconf 84' lang='lat' dir='ltr'><strong>volenti,</strong></span> 
     </span>
     <span class='ocr_line' id='line_1_16' title="bbox 198 1806 990 1884; baseline -0.004 -13"><span class='ocrx_word' id='word_1_89' title='bbox 198 1808 325 1871; x_wconf 80' lang='lat' dir='ltr'><strong>Calceus</strong></span> <span class='ocrx_word' id='word_1_90' title='bbox 350 1816 380 1866; x_wconf 92' lang='lat' dir='ltr'><strong>et</strong></span> <span class='ocrx_word' id='word_1_91' title='bbox 400 1807 526 1884; x_wconf 82' lang='lat' dir='ltr'>grandes</span> <span class='ocrx_word' id='word_1_92' title='bbox 547 1825 648 1884; x_wconf 91' lang='lat' dir='ltr'><strong>magna</strong></span> <span class='ocrx_word' id='word_1_93' title='bbox 671 1808 706 1868; x_wconf 91' lang='lat' dir='ltr'><strong>ad</strong></span> <span class='ocrx_word' id='word_1_94' title='bbox 730 1806 870 1868; x_wconf 89' lang='lat' dir='ltr'><strong>subsellia</strong></span> <span class='ocrx_word' id='word_1_95' title='bbox 894 1826 990 1884; x_wconf 85' lang='lat' dir='ltr'><strong>surae,</strong></span> 
     </span>
     <span class='ocr_line' id='line_1_17' title="bbox 196 1888 1183 1972; baseline -0.004 -18"><span class='ocrx_word' id='word_1_96' title='bbox 196 1892 323 1972; x_wconf 82' lang='lat' dir='ltr'><strong>Legibus</strong></span> <span class='ocrx_word' id='word_1_97' title='bbox 347 1893 470 1970; x_wconf 86' lang='lat' dir='ltr'><strong>antiquis</strong></span> <span class='ocrx_word' id='word_1_98' title='bbox 494 1900 652 1951; x_wconf 91' lang='lat' dir='ltr'><strong>castrorum</strong></span> <span class='ocrx_word' id='word_1_99' title='bbox 676 1899 704 1950; x_wconf 89' lang='lat' dir='ltr'><strong>et</strong></span> <span class='ocrx_word' id='word_1_100' title='bbox 725 1908 806 1951; x_wconf 90' lang='lat' dir='ltr'><strong>more</strong></span> <span class='ocrx_word' id='word_1_101' title='bbox 831 1888 944 1957; x_wconf 80' lang='lat' dir='ltr'><strong>Camilli</strong></span> <span class='ocrx_word' id='word_1_102' title='bbox 1152 1904 1183 1956; x_wconf 79' lang='lat'><strong>15</strong></span> 
     </span>
     <span class='ocr_line' id='line_1_18' title="bbox 196 1974 865 2053; baseline -0.001 -16"><span class='ocrx_word' id='word_1_103' title='bbox 196 1979 337 2052; x_wconf 80' lang='lat' dir='ltr'><strong>servato,</strong></span> <span class='ocrx_word' id='word_1_104' title='bbox 363 1974 447 2035; x_wconf 90' lang='lat' dir='ltr'><strong>miles</strong></span> <span class='ocrx_word' id='word_1_105' title='bbox 473 1993 509 2034; x_wconf 92' lang='lat' dir='ltr'><strong>ne</strong></span> <span class='ocrx_word' id='word_1_106' title='bbox 535 1974 640 2036; x_wconf 83' lang='lat' dir='ltr'><strong>vallum</strong></span> <span class='ocrx_word' id='word_1_107' title='bbox 662 1975 757 2053; x_wconf 88' lang='lat' dir='ltr'><strong>litiget</strong></span> <span class='ocrx_word' id='word_1_108' title='bbox 782 1985 865 2036; x_wconf 89' lang='lat' dir='ltr'><strong>extra</strong></span> 
     </span>
     <span class='ocr_line' id='line_1_19' title="bbox 197 2058 943 2140; baseline -0.003 -19"><span class='ocrx_word' id='word_1_109' title='bbox 197 2061 234 2126; x_wconf 82' lang='lat' dir='ltr'><strong>Et</strong></span> <span class='ocrx_word' id='word_1_110' title='bbox 259 2059 365 2140; x_wconf 90' lang='lat' dir='ltr'><strong>procul</strong></span> <span class='ocrx_word' id='word_1_111' title='bbox 386 2076 402 2118; x_wconf 93' lang='lat' dir='ltr'>a</span> <span class='ocrx_word' id='word_1_112' title='bbox 425 2061 525 2136; x_wconf 86' lang='lat' dir='ltr'><strong>signis.</strong></span> <span class='ocrx_word' id='word_1_113' title='bbox 561 2058 719 2119; x_wconf 82' lang='lat' dir='ltr'><strong>iustissima</strong></span> <span class='ocrx_word' id='word_1_114' title='bbox 746 2062 943 2119; x_wconf 80' lang='lat' dir='ltr'><strong>centurionum</strong></span> 
     </span>
     <span class='ocr_line' id='line_1_20' title="bbox 198 2143 990 2223; baseline -0.001 -18"><span class='ocrx_word' id='word_1_115' title='bbox 198 2143 332 2223; x_wconf 74' lang='lat' dir='ltr'><strong>cognitio</strong></span> <span class='ocrx_word' id='word_1_116' title='bbox 357 2151 402 2203; x_wconf 87' lang='lat' dir='ltr'><strong>est</strong></span> <span class='ocrx_word' id='word_1_117' title='bbox 428 2144 516 2221; x_wconf 87' lang='lat' dir='ltr'><strong>igitur</strong></span> <span class='ocrx_word' id='word_1_118' title='bbox 540 2143 576 2203; x_wconf 91' lang='lat' dir='ltr'><strong>de</strong></span> <span class='ocrx_word' id='word_1_119' title='bbox 598 2143 705 2219; x_wconf 84' lang='lat' dir='ltr'><strong>milite,</strong></span> <span class='ocrx_word' id='word_1_120' title='bbox 729 2160 784 2202; x_wconf 91' lang='lat' dir='ltr'><strong>nec</strong></span> <span class='ocrx_word' id='word_1_121' title='bbox 807 2143 874 2204; x_wconf 90' lang='lat' dir='ltr'><strong>mihi</strong></span> <span class='ocrx_word' id='word_1_122' title='bbox 897 2144 990 2204; x_wconf 89' lang='lat' dir='ltr'><strong>deerit</strong></span> 
     </span>
     <span class='ocr_line' id='line_1_21' title="bbox 197 2227 1016 2305; baseline -0.002 -15"><span class='ocrx_word' id='word_1_123' title='bbox 197 2229 293 2304; x_wconf 87' lang='lat' dir='ltr'><strong>Ultio,</strong></span> <span class='ocrx_word' id='word_1_124' title='bbox 317 2229 341 2287; x_wconf 92' lang='lat' dir='ltr'><strong>si</strong></span> <span class='ocrx_word' id='word_1_125' title='bbox 365 2228 458 2287; x_wconf 87' lang='lat' dir='ltr'><strong>iustae</strong></span> <span class='ocrx_word' id='word_1_126' title='bbox 482 2227 611 2286; x_wconf 87' lang='lat' dir='ltr'>deiertur</span> <span class='ocrx_word' id='word_1_127' title='bbox 634 2245 721 2300; x_wconf 90' lang='lat' dir='ltr'><strong>causa</strong></span> <span class='ocrx_word' id='word_1_128' title='bbox 747 2227 911 2305; x_wconf 81' lang='lat' dir='ltr'><strong>querellae:</strong></span> <span class='ocrx_word' id='word_1_129' title='bbox 1013 2290 1016 2296; x_wconf 79' lang='grc'><strong>,</strong></span> 
     </span>
     <span class='ocr_line' id='line_1_22' title="bbox 196 2311 1183 2391; baseline 0.002 -17"><span class='ocrx_word' id='word_1_130' title='bbox 196 2312 270 2374; x_wconf 86' lang='lat' dir='ltr'><strong>&#39;lota</strong></span> <span class='ocrx_word' id='word_1_131' title='bbox 295 2311 402 2372; x_wconf 88' lang='lat' dir='ltr'><strong>cohors</strong></span> <span class='ocrx_word' id='word_1_132' title='bbox 426 2320 520 2370; x_wconf 89' lang='lat' dir='ltr'><strong>tamen</strong></span> <span class='ocrx_word' id='word_1_133' title='bbox 544 2319 589 2370; x_wconf 87' lang='lat' dir='ltr'><strong>cst</strong></span> <span class='ocrx_word' id='word_1_134' title='bbox 611 2311 739 2386; x_wconf 88' lang='lat' dir='ltr'><strong>inimica,</strong></span> <span class='ocrx_word' id='word_1_135' title='bbox 765 2328 923 2390; x_wconf 88' lang='lat' dir='ltr'><strong>omnesque</strong></span> <span class='ocrx_word' id='word_1_136' title='bbox 944 2313 1062 2391; x_wconf 90' lang='lat' dir='ltr'><strong>manipli</strong></span> <span class='ocrx_word' id='word_1_137' title='bbox 1148 2324 1183 2376; x_wconf 76' lang='lat'><strong>20</strong></span> 
     </span>
     <span class='ocr_line' id='line_1_23' title="bbox 197 2394 922 2472; baseline -0.004 -15"><span class='ocrx_word' id='word_1_138' title='bbox 197 2395 350 2457; x_wconf 78' lang='lat' dir='ltr'><strong>Consensu</strong></span> <span class='ocrx_word' id='word_1_139' title='bbox 375 2411 480 2471; x_wconf 85' lang='lat' dir='ltr'><strong>magno</strong></span> <span class='ocrx_word' id='word_1_140' title='bbox 503 2394 646 2472; x_wconf 84' lang='lat' dir='ltr'><strong>efficiunt,</strong></span> <span class='ocrx_word' id='word_1_141' title='bbox 672 2394 808 2454; x_wconf 90' lang='lat' dir='ltr'><strong>curabilis</strong></span> <span class='ocrx_word' id='word_1_142' title='bbox 831 2404 861 2454; x_wconf 87' lang='lat' dir='ltr'><strong>ut</strong></span> <span class='ocrx_word' id='word_1_143' title='bbox 885 2399 922 2454; x_wconf 89' lang='lat' dir='ltr'><strong>sit</strong></span> 
     </span>
     <span class='ocr_line' id='line_1_24' title="bbox 196 2477 1096 2558; baseline 0 -18"><span class='ocrx_word' id='word_1_144' title='bbox 196 2480 329 2541; x_wconf 88' lang='lat' dir='ltr'><strong>Vindicta</strong></span> <span class='ocrx_word' id='word_1_145' title='bbox 352 2486 381 2537; x_wconf 87' lang='lat' dir='ltr'><strong>et</strong></span> <span class='ocrx_word' id='word_1_146' title='bbox 403 2481 521 2557; x_wconf 83' lang='lat' dir='ltr'><strong>gravior</strong></span> <span class='ocrx_word' id='word_1_147' title='bbox 543 2497 628 2558; x_wconf 92' lang='lat' dir='ltr'><strong>quam</strong></span> <span class='ocrx_word' id='word_1_148' title='bbox 650 2479 760 2538; x_wconf 91' lang='lat' dir='ltr'><strong>iniuria.</strong></span> <span class='ocrx_word' id='word_1_149' title='bbox 796 2477 919 2556; x_wconf 84' lang='lat' dir='ltr'><strong>Dignum</strong></span> <span class='ocrx_word' id='word_1_150' title='bbox 946 2481 1000 2539; x_wconf 92' lang='lat' dir='ltr'><strong>erit</strong></span> <span class='ocrx_word' id='word_1_151' title='bbox 1023 2498 1096 2558; x_wconf 87' lang='lat' dir='ltr'><strong>ergo</strong></span> 
     </span>
     <span class='ocr_line' id='line_1_25' title="bbox 196 2561 798 2640; baseline -0.008 -15"><span class='ocrx_word' id='word_1_152' title='bbox 196 2561 408 2625; x_wconf 88' lang='lat' dir='ltr'><strong>Declamatoris</strong></span> <span class='ocrx_word' id='word_1_153' title='bbox 430 2563 537 2622; x_wconf 90' lang='lat' dir='ltr'><strong>mulino</strong></span> <span class='ocrx_word' id='word_1_154' title='bbox 561 2562 650 2622; x_wconf 92' lang='lat' dir='ltr'><strong>corde</strong></span> <span class='ocrx_word' id='word_1_155' title='bbox 671 2562 798 2640; x_wconf 86' lang='lat' dir='ltr'><strong>Vagelli‚</strong></span> 
     </span>
     <span class='ocr_line' id='line_1_26' title="bbox 197 2645 1096 2725; baseline 0 -18"><span class='ocrx_word' id='word_1_156' title='bbox 197 2647 291 2721; x_wconf 86' lang='lat' dir='ltr'><strong>Quum</strong></span> <span class='ocrx_word' id='word_1_157' title='bbox 313 2646 369 2706; x_wconf 93' lang='lat' dir='ltr'><strong>duo</strong></span> <span class='ocrx_word' id='word_1_158' title='bbox 393 2663 476 2706; x_wconf 91' lang='lat' dir='ltr'><strong>crura</strong></span> <span class='ocrx_word' id='word_1_159' title='bbox 499 2645 627 2721; x_wconf 78' lang='lat' dir='ltr'><strong>habeas,</strong></span> <span class='ocrx_word' id='word_1_160' title='bbox 655 2646 806 2712; x_wconf 86' lang='lat' dir='ltr'><strong>oliendere</strong></span> <span class='ocrx_word' id='word_1_161' title='bbox 831 2655 874 2706; x_wconf 90' lang='lat' dir='ltr'><strong>tot</strong></span> <span class='ocrx_word' id='word_1_162' title='bbox 897 2647 1025 2725; x_wconf 73' lang='lat' dir='ltr'><strong>caligas,</strong></span> <span class='ocrx_word' id='word_1_163' title='bbox 1053 2656 1096 2707; x_wconf 94' lang='lat' dir='ltr'><strong>tot</strong></span> 
     </span>
     <span class='ocr_line' id='line_1_27' title="bbox 195 2729 1183 2810; baseline 0.003 -17"><span class='ocrx_word' id='word_1_164' title='bbox 195 2730 274 2793; x_wconf 84' lang='lat' dir='ltr'><strong>Milia</strong></span> <span class='ocrx_word' id='word_1_165' title='bbox 311 2730 468 2790; x_wconf 84' lang='lat' dir='ltr'><strong>clavorum.</strong></span> <span class='ocrx_word' id='word_1_166' title='bbox 508 2729 579 2803; x_wconf 86' lang='lat' dir='ltr'><strong>Quis</strong></span> <span class='ocrx_word' id='word_1_167' title='bbox 606 2738 663 2790; x_wconf 91' lang='lat' dir='ltr'><strong>tam</strong></span> <span class='ocrx_word' id='word_1_168' title='bbox 685 2730 789 2810; x_wconf 93' lang='lat' dir='ltr'><strong>procul</strong></span> <span class='ocrx_word' id='word_1_169' title='bbox 814 2729 890 2791; x_wconf 88' lang='lat' dir='ltr'><strong>absit</strong></span> <span class='ocrx_word' id='word_1_170' title='bbox 912 2731 946 2791; x_wconf 88' lang='lat' dir='ltr'><strong>ab</strong></span> <span class='ocrx_word' id='word_1_171' title='bbox 972 2731 1044 2790; x_wconf 94' lang='lat' dir='ltr'><strong>urbe</strong></span> <span class='ocrx_word' id='word_1_172' title='bbox 1146 2742 1183 2796; x_wconf 76' lang='lat'><strong>25</strong></span> 
     </span>
     <span class='ocr_line' id='line_1_28' title="bbox 197 2812 1067 2893; baseline -0.002 -16"><span class='ocrx_word' id='word_1_173' title='bbox 197 2812 369 2890; x_wconf 84' lang='lat' dir='ltr'><strong>Praeterea,</strong></span> <span class='ocrx_word' id='word_1_174' title='bbox 397 2815 461 2893; x_wconf 92' lang='lat' dir='ltr'><strong>quis</strong></span> <span class='ocrx_word' id='word_1_175' title='bbox 484 2822 540 2875; x_wconf 90' lang='lat' dir='ltr'><strong>tam</strong></span> <span class='ocrx_word' id='word_1_176' title='bbox 562 2813 703 2890; x_wconf 74' lang='lat' dir='ltr'><strong>Pylades,</strong></span> <span class='ocrx_word' id='word_1_177' title='bbox 726 2814 831 2874; x_wconf 91' lang='lat' dir='ltr'><strong>molem</strong></span> <span class='ocrx_word' id='word_1_178' title='bbox 854 2817 970 2892; x_wconf 83' lang='lat' dir='ltr'><strong>aggeris</strong></span> <span class='ocrx_word' id='word_1_179' title='bbox 992 2815 1067 2876; x_wconf 86' lang='lat' dir='ltr'><strong>ultra</strong></span> 
     </span>
     <span class='ocr_line' id='line_1_29' title="bbox 195 2896 979 2982; baseline 0 -22"><span class='ocrx_word' id='word_1_180' title='bbox 195 2897 233 2960; x_wconf 91' lang='lat' dir='ltr'><strong>Ut</strong></span> <span class='ocrx_word' id='word_1_181' title='bbox 254 2896 372 2959; x_wconf 83' lang='lat' dir='ltr'><strong>reniutl</strong></span> <span class='ocrx_word' id='word_1_182' title='bbox 397 2898 534 2959; x_wconf 90' lang='lat' dir='ltr'><strong>lacrimae</strong></span> <span class='ocrx_word' id='word_1_183' title='bbox 558 2899 702 2959; x_wconf 91' lang='lat' dir='ltr'><strong>siccentur</strong></span> <span class='ocrx_word' id='word_1_184' title='bbox 725 2901 870 2982; x_wconf 77' lang='lat' dir='ltr'><strong>protinus,</strong></span> <span class='ocrx_word' id='word_1_185' title='bbox 895 2909 923 2959; x_wconf 93' lang='lat' dir='ltr'><strong>et</strong></span> <span class='ocrx_word' id='word_1_186' title='bbox 946 2917 979 2960; x_wconf 88' lang='lat' dir='ltr'><strong>se</strong></span> 
     </span>
     <span class='ocr_line' id='line_1_30' title="bbox 195 2981 834 3044; baseline -0.006 -2"><span class='ocrx_word' id='word_1_187' title='bbox 195 2981 396 3044; x_wconf 81' lang='lat' dir='ltr'><strong>Excusaturos</strong></span> <span class='ocrx_word' id='word_1_188' title='bbox 418 2999 475 3042; x_wconf 90' lang='lat' dir='ltr'><strong>nou</strong></span> <span class='ocrx_word' id='word_1_189' title='bbox 500 2982 691 3042; x_wconf 77' lang='lat' dir='ltr'><strong>sollicitemus</strong></span> <span class='ocrx_word' id='word_1_190' title='bbox 715 2985 834 3042; x_wconf 89' lang='lat' dir='ltr'><strong>amicos.</strong></span> 
     </span>
     <span class='ocr_line' id='line_1_31' title="bbox 194 3066 958 3145; baseline 0 -19"><span class='ocrx_word' id='word_1_191' title='bbox 194 3067 239 3126; x_wconf 85' lang='lat' dir='ltr'><strong>Da</strong></span> <span class='ocrx_word' id='word_1_192' title='bbox 261 3075 384 3142; x_wconf 83' lang='lat' dir='ltr'><strong>testem,</strong></span> <span class='ocrx_word' id='word_1_193' title='bbox 410 3066 498 3126; x_wconf 87' lang='lat' dir='ltr'><strong>iudex</strong></span> <span class='ocrx_word' id='word_1_194' title='bbox 523 3085 607 3145; x_wconf 93' lang='lat' dir='ltr'><strong>quum</strong></span> <span class='ocrx_word' id='word_1_195' title='bbox 634 3066 752 3143; x_wconf 86' lang='lat' dir='ltr'><strong>dixerit,</strong></span> <span class='ocrx_word' id='word_1_196' title='bbox 782 3066 886 3127; x_wconf 90' lang='lat' dir='ltr'>audeat</span> <span class='ocrx_word' id='word_1_197' title='bbox 907 3066 958 3127; x_wconf 92' lang='lat' dir='ltr'><strong>ille</strong></span> 
     </span>
     <span class='ocr_line' id='line_1_32' title="bbox 194 3149 1183 3228; baseline 0.006 -20"><span class='ocrx_word' id='word_1_198' title='bbox 194 3149 303 3210; x_wconf 90' lang='lat' dir='ltr'><strong>Nescio</strong></span> <span class='ocrx_word' id='word_1_199' title='bbox 332 3150 414 3228; x_wconf 88' lang='lat' dir='ltr'><strong>quis,</strong></span> <span class='ocrx_word' id='word_1_200' title='bbox 437 3167 551 3228; x_wconf 91' lang='lat' dir='ltr'><strong>pugnos</strong></span> <span class='ocrx_word' id='word_1_201' title='bbox 575 3152 623 3228; x_wconf 93' lang='lat' dir='ltr'><strong>qui</strong></span> <span class='ocrx_word' id='word_1_202' title='bbox 647 3151 732 3226; x_wconf 85' lang='lat' dir='ltr'><strong>vidit,</strong></span> <span class='ocrx_word' id='word_1_203' title='bbox 756 3150 873 3211; x_wconf 87' lang='lat' dir='ltr'><strong>dicere:</strong></span> <span class='ocrx_word' id='word_1_204' title='bbox 897 3151 969 3210; x_wconf 89' lang='lat' dir='ltr'><strong>vidi:</strong></span> <span class='ocrx_word' id='word_1_205' title='bbox 1145 3159 1183 3216; x_wconf 64' lang='lat'><strong>0³0</strong></span> 
     </span>
     <span class='ocr_line' id='line_1_33' title="bbox 194 3230 960 3313; baseline -0.001 -20"><span class='ocrx_word' id='word_1_206' title='bbox 194 3230 232 3293; x_wconf 81' lang='lat' dir='ltr'><strong>Et</strong></span> <span class='ocrx_word' id='word_1_207' title='bbox 258 3231 373 3294; x_wconf 92' lang='lat' dir='ltr'><strong>credam</strong></span> <span class='ocrx_word' id='word_1_208' title='bbox 395 3233 510 3311; x_wconf 89' lang='lat' dir='ltr'><strong>dignum</strong></span> <span class='ocrx_word' id='word_1_209' title='bbox 533 3234 624 3294; x_wconf 86' lang='lat' dir='ltr'>barba</span> <span class='ocrx_word' id='word_1_210' title='bbox 649 3234 823 3313; x_wconf 87' lang='lat' dir='ltr'><strong>dignumque</strong></span> <span class='ocrx_word' id='word_1_211' title='bbox 847 3234 960 3313; x_wconf 87' lang='lat' dir='ltr'><strong>capillis</strong></span> 
     </span>
     <span class='ocr_line' id='line_1_34' title="bbox 194 3314 1005 3397; baseline 0 -21"><span class='ocrx_word' id='word_1_212' title='bbox 194 3315 344 3377; x_wconf 87' lang='lat' dir='ltr'><strong>llaiorum.</strong></span> <span class='ocrx_word' id='word_1_213' title='bbox 384 3314 475 3376; x_wconf 85' lang='lat' dir='ltr'><strong>Citius</strong></span> <span class='ocrx_word' id='word_1_214' title='bbox 498 3318 601 3377; x_wconf 90' lang='lat' dir='ltr'><strong>ialsum</strong></span> <span class='ocrx_word' id='word_1_215' title='bbox 624 3319 790 3397; x_wconf 89' lang='lat' dir='ltr'><strong>producere</strong></span> <span class='ocrx_word' id='word_1_216' title='bbox 812 3328 917 3378; x_wconf 87' lang='lat' dir='ltr'><strong>testem</strong></span> <span class='ocrx_word' id='word_1_217' title='bbox 1004 3392 1005 3396; x_wconf 7' lang='grc' dir='ltr'><strong>Ἰ</strong></span> 
     </span>
     <span class='ocr_line' id='line_1_35' title="bbox 196 3399 1002 3480; baseline 0 -20"><span class='ocrx_word' id='word_1_218' title='bbox 196 3399 471 3479; x_wconf 63' lang='grc' dir='ltr'><strong>Οοηιημςωιυηι</strong></span> <span class='ocrx_word' id='word_1_219' title='bbox 495 3403 610 3479; x_wconf 87' lang='lat' dir='ltr'><strong>possis,</strong></span> <span class='ocrx_word' id='word_1_220' title='bbox 632 3420 716 3480; x_wconf 89' lang='lat' dir='ltr'><strong>quam</strong></span> <span class='ocrx_word' id='word_1_221' title='bbox 739 3420 810 3461; x_wconf 83' lang='lat' dir='ltr'><strong>vera</strong></span> <span class='ocrx_word' id='word_1_222' title='bbox 834 3401 1002 3480; x_wconf 89' lang='lat' dir='ltr'><strong>loquentem</strong></span> 
     </span>
     <span class='ocr_line' id='line_1_36' title="bbox 195 3481 952 3564; baseline 0.001 -22"><span class='ocrx_word' id='word_1_223' title='bbox 195 3481 303 3545; x_wconf 73' lang='lat' dir='ltr'><strong>Contra</strong></span> <span class='ocrx_word' id='word_1_224' title='bbox 328 3484 470 3543; x_wconf 78' lang='lat' dir='ltr'><strong>fortunam</strong></span> <span class='ocrx_word' id='word_1_225' title='bbox 492 3486 592 3545; x_wconf 90' lang='lat' dir='ltr'><strong>armati</strong></span> <span class='ocrx_word' id='word_1_226' title='bbox 617 3496 775 3564; x_wconf 88' lang='lat' dir='ltr'><strong>contraque</strong></span> <span class='ocrx_word' id='word_1_227' title='bbox 802 3485 952 3564; x_wconf 88' lang='lat' dir='ltr'><strong>pudorem.</strong></span> 
     </span>
    </p>
   </div>
   <div class='ocr_carea' id='block_1_4' title="bbox 0 0 1318 4006">
    <p class='ocr_par' dir='ltr' id='par_1_5' title="bbox 0 0 1318 4006">
     <span class='ocr_line' id='line_1_37' title="bbox 0 0 1318 4006; baseline 0 0"><span class='ocrx_word' id='word_1_228' title='bbox 0 0 1318 4006; x_wconf 95' lang='lat' dir='ltr'><strong> </strong></span> 
     </span>
    </p>
   </div>
  </div>
 </body>
</html>
