2626 4006
490 245 614 294 sauma
631 215 709 294 ‘vua
1051 241 1090 302 53

108 383 276 466 [Coruinum
298 395 327 445 et
348 384 467 445 Galbam
487 385 622 445 auriculis
641 403 772 466 nasoque
793 387 958 450 carentem?
1071 405 1088 458 5

107 470 177 544 Quis
199 469 327 544 tructus,
350 470 468 545 generis
491 467 588 528 tabula
609 470 717 529 iactare
739 471 852 550 capaci]
887 528 890 532 ,

99 549 278 629 Corvinum,
301 552 424 631 posthac
442 553 530 612 multa
552 554 722 630 contingere
743 554 825 630 virga

106 636 248 697 Fumosos
269 638 395 714 equitum
417 654 482 696 curn
501 637 642 695 dictatore
660 638 831 714 magistros,

107 719 138 780 Si
159 736 258 780 coram
279 719 398 796 Lepidis
419 720 494 780 male
514 718 638 780 vivitur?
661 720 775 797 efligies
796 736 853 798 quo

107 803 162 864 'l'ot
183 803 373 880 bellatorum,
396 803 420 862 si
442 803 547 864 luditur
569 804 634 863 alea
653 820 767 883 pernox

106 887 182 947 Ante
203 884 413 947 Numantinos?
434 889 459 947 si
481 888 606 947 dormire
627 889 730 966 incipis
754 896 818 947 ortu

106 971 246 1048 Luciferi,
268 989 325 1050 quo
347 973 429 1049 signa
452 971 541 1031 duces
563 979 593 1029 et
615 981 710 1031 castra
731 969 908 1031 movebant?

107 1052 165 1114 Gur
187 1054 388 1133 Allobrogicis
412 1063 441 1114 ct
459 1072 562 1131 magna
583 1053 709 1132 gaudeat
731 1073 781 1115 ara

105 1137 196 1198 Natus
219 1139 248 1196 in
268 1137 415 1198 Herculeo
438 1136 543 1197 Fabius
564 1138 645 1213 lare,
668 1139 693 1198 si
715 1138 855 1217 cupidus,
879 1139 903 1197 si

105 1221 203 1281 Vanus
226 1229 255 1280 et
275 1218 415 1299 Euganea
439 1221 616 1299 quantumvis
639 1221 755 1284 mollior
777 1219 873 1297 agua?

105 1305 137 1364 Si
159 1313 290 1363 tenerum
312 1307 423 1364 attritus
445 1301 592 1363 Catinensi
614 1306 729 1382 pumice
748 1304 873 1365 lumbum

106 1387 280 1466 Squalentes
297 1388 420 1448 traducit
439 1404 511 1447 avus
534 1397 705 1466 emptorque
725 1389 830 1448 veneni

105 1469 277 1548 Frangenda
297 1472 429 1532 miseram
453 1471 579 1531 funestat
601 1473 725 1549 imagine
745 1469 884 1548 gentem?

105 1553 180 1613 'l'ota
201 1554 271 1614 licet
292 1563 410 1615 veteres
432 1563 575 1614 exornent
595 1555 720 1633 undique
743 1572 831 1615 cerae

107 1638 203 1714 Atria,
224 1637 359 1698 nobilitas
380 1637 442 1698 sola
465 1647 617 1716 astatque
639 1641 722 1698 unica
741 1640 841 1698 virtus.

106 1720 211 1781 Paulus
232 1721 282 1781 vel
306 1719 415 1781 Cossus
437 1722 486 1781 vel
506 1721 619 1782 Drusus
637 1722 767 1782 moribus
785 1731 865 1791 esto;

107 1805 166 1866 llos
188 1814 254 1864 ante
275 1805 390 1882 efligies
410 1807 548 1866 maiorum
570 1823 647 1885 pone
669 1815 800 1875 tuorum;

105 1888 288 1949 Praccedant
310 1890 389 1968 ipsas
412 1889 453 1948 illi
474 1898 504 1949 te
524 1889 644 1950 consule
667 1890 774 1967 virgas.

105 1967 197 2031 Prima
219 1972 287 2032 milri
308 1972 401 2032 debes
423 1974 507 2032 animi
528 1972 621 2043 bona;
646 1983 762 2033 sanctus
784 1973 885 2035 baberi

105 2054 293 2134 laetitiaeque
311 2065 400 2115 tenax
420 2057 506 2116 lactis
527 2057 670 2135 dictisque
692 2059 830 2116 mereris:

105 2138 247 2216 Agnosco
270 2157 435 2219 procerem.
481 2138 586 2216 Salve,
611 2139 778 2215 Gaetulice,
801 2158 854 2200 seu
876 2149 904 2199 tu

104 2223 235 2289 idanus:
256 2240 437 2302 quocumque
459 2223 517 2283 alio
539 2224 575 2283 de
595 2224 734 2300 sanguine
754 2241 837 2283 rarus

105 2303 187 2365 Giris
209 2315 238 2367 et
260 2309 398 2384 egregius
421 2309 530 2384 patriae
553 2309 695 2382 courtingis
717 2308 827 2382 ovanti,

102 2384 278 2450 Exclamare
296 2390 384 2466 libet,
407 2390 533 2469 populus
553 2390 629 2470 quod
653 2390 756 2451 clamat
778 2389 854 2451 Osiri

102 2472 236 2533 Invento.
281 2473 353 2547 Quis
374 2475 449 2533 enim
468 2491 644 2552 generosum
667 2475 772 2534 dixerit
790 2474 882 2552 hunc,
904 2476 951 2554 qui

102 2555 369 2634 Indignusgenere
392 2566 422 2617 et
443 2558 596 2638 praeclaro
618 2559 733 2618 nomine
755 2567 863 2619 tantum

103 2637 252 2717 Insignis?
275 2659 377 2702 nanum
399 2642 545 2702 cuiusdam
561 2641 679 2702 Atlanta
700 2659 850 2720 vocamus,

102 2723 282 2802 Aethiopem
299 2729 444 2802 Cycnum,
466 2743 583 2803 pravam
607 2734 809 2805 extortamque
829 2725 955 2806 puellam

102 2806 260 2885 Europen3
284 2808 402 2868 canibus
424 2809 517 2886 pigris
536 2807 695 2889 scabicque
717 2819 832 2870 vetusta

101 2890 232 2951 Levibus
255 2901 284 2951 et
306 2894 404 2952 siccae
425 2891 617 2953 lambentibus
640 2909 691 2952 ora
714 2893 851 2953 lucernae
1058 2899 1092 2952 35

102 2973 219 3034 Nomen
239 2976 294 3035 crit
316 2975 439 3055 pardus,
462 2976 561 3054 tigris,
586 2975 652 3052 leo,
676 2977 700 3034 si
718 2975 785 3053 quid
802 2973 896 3034 adbuc
918 2983 963 3034 est

103 3056 192 3130 Quod
209 3057 313 3119 fremat
333 3061 362 3118 in
380 3060 467 3119 terris
486 3056 663 3120 violentius?
707 3057 787 3135 Ergo
810 3057 929 3118 cavebis

103 3139 142 3201 Et
164 3151 294 3219 metues,
317 3162 355 3204 ne
377 3153 407 3202 tu
430 3145 472 3203 sic
492 3141 626 3204 Creticus
648 3151 697 3202 aut
718 3139 897 3203 Camerinus.

146 3225 200 3285 llis
223 3243 281 3303 ego
304 3245 389 3306 quem
411 3223 528 3287 monui?
555 3237 651 3286 tecum
668 3236 713 3287 est
730 3226 798 3286 milri
820 3243 934 3302 sermo,
955 3224 1072 3284 Rubelli

103 3307 227 3368 Blande.
272 3309 379 3370 'l’umes
402 3310 460 3371 alto
481 3311 640 3370 Drusorum
663 3319 830 3386 stemmate,
853 3319 995 3388 tamquam
1059 3317 1095 3368 aa

103 3390 227 3452 Feccris
248 3393 313 3471 ipse
336 3393 459 3472 aliquid,
479 3395 697 3473 propterquod
718 3394 824 3454 nobilis
846 3411 941 3469 esses,

104 3473 142 3536 llt
164 3485 194 3536 te
212 3479 399 3556 conciperet,
424 3496 497 3556 quae
521 3479 659 3554 sanguine
680 3476 774 3554 fulget
793 3475 858 3553 lull,
