2626 4006
506 211 631 260 suulnh
654 215 687 260 X.

116 353 153 414 Ut
175 353 275 430 pueris
299 352 419 429 placeas
442 360 471 409 et
493 351 666 411 declamatio
689 352 758 413 fias!

115 437 196 498 Unus
218 434 339 495 Pellaeo
361 436 457 493 iuveni
481 452 539 494 non
560 434 668 494 sufficit
689 435 785 506 orbis3

116 521 240 581 Aestuat
259 518 361 578 infelix
383 527 505 595 angusto
526 518 743 594 limite'mundi,

116 603 153 665 Ut
180 601 266 677 Gyari
291 601 407 662 clausus
430 602 560 680 scopulis
582 620 731 681 parvaque
755 603 896 682 Seripho:
1052 615 1103 669 rto

117 686 211 760 Quum
235 696 330 746 tamen
355 703 371 745 1
398 685 494 762 ligulis
516 687 649 745 munitam
671 687 821 746 intraverit
844 687 953 763 urbem,

116 769 308 847 Sarccphagc
330 777 484 829 contentus
509 771 572 829 erit.
605 767 685 828 blors
705 770 769 830 sola
791 770 906 850 fatetur,

116 853 260 927 Quantula
286 854 342 912 sint
364 852 507 912 hominum
529 853 713 930 corpuscula.
751 852 885 915 Creditur
908 855 975 914 olim

115 937 288 997 velificatus
309 936 401 996 Athos
426 945 455 996 et
478 936 615 1014 quidquid
639 935 760 998 Graecia
783 938 908 997 mendax

116 1021 214 1080 Audet
235 1022 262 1079 in
284 1020 419 1095 historia,
443 1029 619 1080 constratum
640 1020 783 1080 classibus
805 1020 897 1081 isdem
1051 1031 1102 1084 1⁷5

115 1104 361 1183 Suppositumque
384 1105 456 1164 rotis
480 1104 602 1164 solidum
625 1121 721 1172 mare;
750 1104 895 1164 credimus
917 1105 993 1164 altos

115 1188 272 1248 Defecisse
295 1206 395 1248 amnes
418 1197 564 1266 epotaque
587 1187 701 1248 flumina
727 1187 815 1248 llledo

115 1271 294 1347 Prandente,
319 1281 348 1331 et
373 1272 495 1332 madidis
522 1281 617 1331 cantat
639 1289 714 1350 quae
740 1273 889 1333 Sostratus
911 1273 974 1332 alis.

114 1355 170 1416 ille
193 1364 289 1415 tamen
311 1355 404 1434 qualis
428 1357 513 1415 rediit
536 1355 679 1415 Salamine
702 1355 815 1432 relicta,

114 1439 146 1499 ln
176 1437 283 1499 Gomm
304 1449 390 1516 atque
416 1438 523 1498 Eurum
549 1438 651 1499 solitus
675 1440 789 1498 saevire
815 1438 940 1516 flagellis
1050 1450 1100 1502 180

114 1522 276 1597 barbarus,
301 1522 408 1582 Aeolio
433 1540 584 1601 numquam
608 1522 665 1582 hcc
688 1523 716 1580 in
742 1540 863 1582 earcere
888 1540 1004 1599 passos,

115 1605 213 1684 Ipsum
235 1605 424 1684 compedibus
446 1609 494 1684 qul
516 1607 649 1666 vinxerat
671 1602 907 1683 Ennosigaeum?
959 1640 971 1649 -

116 1688 212 1751 Mitius
238 1689 266 1749 id
289 1708 375 1758 sane;
399 1687 488 1768 quid?
513 1707 571 1749 uon
596 1699 625 1750 et
648 1690 781 1766 stigmate
806 1691 921 1767 dignum

11 1815 12 1818 η
115 1771 268 1834 Credidit?
289 1773 357 1834 huic
383 1777 535 1852 quisquam
555 1773 648 1834 vellet
662 1775 784 1833 'servire
806 1770 950 1833 deorum?

115 1856 176 1917 Sed
200 1858 295 1935 qualis
315 1855 424 1918 rediit?
448 1876 553 1936 nempe
576 1875 632 1917 una
655 1875 744 1933 nave,
773 1858 899 1917 cruentis
1050 1868 1099 1921 185

114 1939 265 2001 Fluctibus
290 1958 325 2001 ac
349 1942 430 2002 tarda
452 1959 506 2018 per
529 1941 619 2016 densa
643 1941 786 2002 cadavera
812 1958 910 2018 prora.

115 2023 173 2086 1111
194 2025 281 2084 toties
301 2034 399 2101 optata
424 2027 523 2102 exegit
544 2025 640 2102 gloria
664 2025 792 2102 poenas!

154 2107 201 2168 Da
221 2109 341 2187 spatium
363 2110 457 2184 vitae,
485 2107 591 2168 multos
618 2108 672 2183 da,
695 2107 845 2185 luppiter,
869 2107 974 2169 annos!

114 2191 179 2252 Hoc
200 2201 283 2252 recto
306 2191 402 2266 vultu,
432 2193 526 2255 solum
548 2192 605 2251 hcc
627 2201 656 2250 et
678 2190 803 2269 pallidus
827 2200 920 2269 optas.

115 2276 175 2335 Sed
205 2293 289 2354 qnam
312 2276 455 2336 coutinuis
479 2284 508 2334 et
534 2276 646 2353 quamb
668 2274 756 2351 longa
779 2283 917 2334 senectus
1052 2284 1102 2337 190

117 2359 206 2420 Plena
226 2359 322 2419 malis!
346 2360 506 2420 deformem
527 2368 557 2419 et
578 2367 682 2418 tetrum
703 2367 770 2419 ante
794 2359 888 2418 omnia
909 2357 1016 2418 vultum

114 2443 351 2521 Dissimilemque
377 2444 438 2519 sui,
463 2443 623 2503 deformem
649 2459 703 2521 pro
730 2451 796 2502 cute
820 2442 929 2520 pellem

114 2527 339 2606 Pendentesque
358 2545 450 2605 geues
471 2535 502 2586 et
528 2526 604 2587 tales
624 2527 725 2604 aspice
751 2544 850 2603 rugas,

116 2609 245 2686 Quales,
273 2610 446 2670 umbriferos
470 2609 518 2670 ubi
541 2611 639 2688 pandit
662 2609 813 2672 Thabraca
836 2609 935 2685 saltus,

114 2693 147 2755 ln
173 2693 271 2754 vetula
297 2695 402 2773 scalpit
423 2695 479 2754 iam
500 2703 593 2754 mater
615 2694 696 2754 simia
720 2694 822 2754 bucca.
1052 2702 1102 2757 195

114 2778 240 2839 Plurima
262 2786 326 2836 sunt
350 2780 484 2838 iuuenum
511 2778 689 2845 discrimina:
716 2777 865 2855 pulchrior
885 2776 936 2835 ille

114 2861 195 2938 lloc,
221 2870 307 2940 atque
329 2861 380 2922 ille
401 2861 476 2937 alio,
498 2862 615 2921 multum
638 2861 685 2920 hic
708 2860 855 2920 robustior
877 2858 943 2920 illo:

113 2945 179 3006 Una
201 2963 302 3006 senum
325 2945 432 3020 facies,
457 2964 522 3005 cum
546 2962 621 3004 voce
647 2944 799 3004 trementia
821 2941 950 3002 membra

15 3089 16 3120 ,
115 3028 154 3090 Et
176 3029 231 3089 iam
253 3028 321 3088 leve
346 3039 431 3108 caput
452 3029 616 3107 madidique
640 3028 757 3088 infantia
781 3027 852 3087 nasi.

115 3111 307 3190 Frangendus
327 3115 435 3173 misero
456 3113 574 3190 gingiva
594 3113 677 3190 panis
698 3111 814 3171 inormi:
1052 3119 1104 3170 20⁰

116 3195 217 3275 Usque
242 3196 316 3256 adeo
340 3197 438 3274 gravis
461 3198 544 3256 uxori
570 3198 701 3275 natisque
724 3194 849 3272 sibique,

116 3279 153 3340 Ut
175 3282 319 3358 captatori
342 3289 458 3340 moveat
481 3279 595 3341 fastidia
618 3277 724 3339 Cosso.

115 3361 180 3423 Non
208 3364 310 3423 eadem
336 3365 505 3442 ululatque
530 3363 605 3439 cibi,
627 3371 762 3442 torpente
786 3362 896 3446 palato,

116 3445 241 3515 Gaudia
271 3465 336 3506 nam
361 3449 455 3508 coitus
478 3450 533 3507 iam
558 3447 645 3524 longa
671 3446 799 3521 oblivio,
823 3445 871 3504 vel
897 3443 921 3502 si
