2626 4006
535 257 659 305 aarum
681 258 728 306 VI.

113 396 196 470 Quae
214 397 345 474 peperit;
368 395 481 454 timidus
504 405 675 473 praegustet
695 396 801 474 pocula
822 399 960 476 puppas]

112 480 260 556 Fingimus
282 479 357 539 haec
378 477 466 538 altum
488 480 576 539 satira
599 488 730 538 sumente
750 479 919 540 cothurnum

113 563 236 623 Scilicet
259 572 287 623 et
310 563 395 622 linem
418 564 532 639 egressi
554 561 710 640 legemque
732 565 860 641 priorum
1052 576 1103 632 635

114 647 229 708 Grande
252 646 422 725 Sophocleo
447 663 563 706 carmen
585 645 759 706 bacchamur
780 647 870 723 hiatu,

112 729 259 790 Montibus
279 732 408 806 ignotum
427 729 542 789 Rutulis
565 730 710 808 coeloque
732 727 855 791 Latino?
959 799 962 805 Ι

113 813 175 873 Nos
196 815 302 874 utinam
323 813 404 874 vani!
427 813 480 872 sed
503 813 607 873 clamat
624 814 741 873 Pontia:
764 812 847 889 Feci,

114 897 281 974 Confiteor,
305 898 464 976 puerisque
486 898 558 956 meis
580 899 694 958 aconito
717 900 826 974 paravi,

113 983 196 1055 Quae
214 981 360 1059 deprensa
384 988 497 1059 patent:
519 980 648 1041 lacinus:
670 990 765 1042 tamen
786 984 850 1060 ipsa
872 984 1033 1060 peregi-
1052 995 1104 1049 640

114 1065 195 1125 Tune
217 1064 290 1124 duos
312 1083 382 1140 una,
407 1065 577 1124 saevissima
600 1067 718 1143 vipera,
742 1061 858 1125 coena?

113 1150 195 1210 l'une
217 1146 501 1226 duosl-Septem,
519 1149 543 1207 si
556 1158 669 1226 septem
688 1148 764 1208 forte
787 1149 974 1210 luissent!-

114 1233 274 1294 Gredamus
295 1233 432 1310 tragicis,
457 1232 593 1310 quidquid
614 1232 650 1292 de
675 1230 816 1293 Colchide
835 1242 918 1294 torva

112 1319 227 1377 Dicitur
249 1325 278 1376 et
300 1316 430 1377 Procne:
453 1315 493 1374 nil
516 1324 616 1375 contra
639 1333 745 1384 conor;
768 1316 887 1377 stillae

114 1401 238 1463 Grandia
260 1409 388 1460 monstra
410 1401 469 1458 suis
489 1399 632 1459 audebant
654 1401 849 1477 temporibus;
872 1400 925 1459 sed
1053 1414 1103 1468 545

113 1486 179 1546 Non
202 1492 325 1563 propter
345 1501 486 1543 nummos.
531 1481 626 1543 blinor
647 1484 796 1543 admiratio
817 1485 933 1543 summis

113 1570 246 1630 Debetur
267 1569 418 1640 monstris,
442 1569 558 1646 quoties
580 1566 651 1627 lacit
672 1568 715 1626 ira
736 1576 891 1627 nocentem

113 1654 196 1712 llunc
215 1671 331 1719 sexum;
354 1650 436 1711 rabie
458 1652 540 1712 iecur
561 1652 737 1710 incendente
759 1651 890 1710 feruntur

113 1737 311 1814 Praecipites,
332 1744 363 1795 ut
385 1753 456 1795 saxa
478 1737 553 1812 iugis
576 1734 715 1812 abrupta,
740 1734 843 1814 quibus
864 1749 946 1793 mons

114 1819 299 1880 Subtrahitur
321 1819 457 1898 clivoque
479 1820 552 1880 latus
574 1818 719 1897 pendente
741 1819 864 1880 recedit.
1053 1833 1105 1886 656

113 1904 197 1964 lllam
220 1921 277 1980 ego
299 1920 356 1964 non
378 1903 508 1980 tulerim,
533 1921 607 1982 quae
628 1911 775 1982 computat
795 1913 824 1962 et
845 1901 943 1962 scelus
964 1904 1067 1982 ingens

115 1990 192 2048 Sana
211 1987 289 2047 facit.
334 1989 475 2066 Spectant
496 1985 668 2046 subeuntem
687 1987 746 2047 lata
767 1988 860 2046 mariti

113 2071 258 2132 Alcestim
279 2079 324 2147 et,
348 2071 448 2130 similis
466 2072 491 2129 si
513 2071 685 2149 permutatio
708 2069 802 2144 detur,

114 2155 210 2216 Morte
231 2156 286 2214 viri
311 2157 426 2234 cupiant
446 2155 567 2214 animam
590 2171 709 2214 servare
733 2153 867 2214 catellae.

115 2240 279 2299 Occurrent
299 2239 406 2299 multae
428 2236 618 2297 tibi'Belides
638 2247 724 2316 atque
747 2235 907 2316 Eriphylae
1052 2250 1104 2303 655

114 2322 215 2392 blane3
238 2321 497 2397 Clytaemnestram
520 2321 614 2380 nullus
634 2337 691 2380 noo
712 2323 793 2380 vicus
814 2320 941 2382 habebit.

114 2406 179 2466 lloc
201 2415 307 2467 tantum
322 2407 429 2482 relert,
453 2405 532 2485 quod
554 2404 694 2479 Tyndaris
715 2405 765 2465 illa
787 2404 942 2484 bipennem

114 2489 257 2550 Insulsam
279 2499 309 2549 et
330 2490 435 2550 fatuam
458 2490 560 2550 dextra
583 2488 725 2568 laevaque
744 2489 878 2551 tenebat·

116 2574 154 2633 llt
175 2593 252 2634 nunc
273 2591 322 2632 res
342 2575 436 2651 agitur
457 2575 535 2634 tenui
556 2573 692 2652 pulmone
730 2572 847 2651 ubetae,

116 2656 174 2718 Sed
196 2667 293 2720 tamen
313 2667 342 2717 et
363 2657 460 2733 ierro,
483 2659 508 2716 si
527 2665 666 2736 praegust
748 2657 867 2718 Atrides
1054 2669 1105 2724 666

117 2741 236 2803 Pontica
258 2751 304 2802 ter
324 2743 394 2801 victi
413 2751 513 2802 cautus
533 2742 721 2802 medicamina
738 2742 827 2818 ragis.
