2600 4006
466 217 592 267 sununs
614 219 660 265 vr.
880 238 882 244 ·
974 236 977 242 ·
1050 206 1090 269 tt

102 362 285 424 Conventum
306 369 401 421 tamen
424 368 453 419 et
475 366 589 438 pactum
612 366 641 416 et
663 357 809 435 sponsalia
832 367 930 420 nostra
1058 373 1092 424 as

101 449 290 526 Tempestate
311 462 409 522 paras,
432 446 546 521 iamque
567 461 584 502 a
602 451 722 502 tonsore
745 443 885 520 magistro

101 532 233 594 Pectoris
259 537 288 588 et
309 528 400 606 digito
422 529 526 606 pignos
547 526 674 586 fortasse
696 525 816 586 dedisti:

103 613 207 695 [certe
228 630 314 674 sanus
336 609 424 671 eras?
447 628 585 686 uxorem,
608 609 760 685 Postume,
783 607 898 688 ducis?l

101 700 173 775 Dic,
198 715 255 777 qua
277 695 451 774 Tisiphone,
475 694 751 774 quibus-exagitare
771 692 921 754 colubris?

102 783 196 843 Ferre
218 789 304 860 potes
327 780 470 840 dominam
493 778 581 838 saluis
604 786 647 836 tot
668 777 796 838 restibus
819 778 917 853 ullam,

102 867 198 941 Quum
218 872 337 944 pateant
360 864 437 924 altae
460 862 679 939 caligantesque
702 862 861 938 fenestrae,

102 950 199 1024 Quum
220 947 273 1008 tibi
293 949 418 1008 vicinum
440 965 473 1006 se
494 941 637 1024 praebeat
658 945 800 1007 Aemilius
821 943 918 1025 pons?

101 1036 162 1094 Aut
182 1034 206 1092 si
228 1032 264 1092 de
288 1031 384 1092 multis
406 1031 502 1091 nullus
525 1029 626 1108 placet
648 1031 759 1108 exitus,
781 1029 854 1090 illud

99 1118 207 1178 Nonne
230 1124 314 1196 putas
336 1115 457 1192 melius,
480 1114 557 1195 quod
579 1123 675 1174 tecum
697 1115 781 1192 pusio
804 1115 919 1190 dormit,

100 1202 202 1277 Pusio,
226 1201 275 1279 qui
297 1209 384 1260 noctu
404 1216 462 1259 non
484 1198 595 1275 litigat,
618 1199 710 1276 exigit
732 1216 748 1258 a
770 1207 800 1258 te

99 1283 190 1344 Nulla
212 1284 311 1343 iacens
335 1283 413 1343 hillis
435 1281 620 1358 munuscula,
643 1301 700 1342 nee
719 1284 864 1360 queritur,
888 1284 967 1362 quod

99 1367 140 1428 m
163 1368 248 1427 lateri
270 1383 375 1446 parcas
396 1385 453 1427 nec
474 1374 609 1446 quantum
631 1367 714 1426 iussit
736 1365 878 1427 anheles?

100 1451 164 1512 Sed
186 1450 286 1529 placet
305 1449 422 1511 Ursidio
443 1451 494 1511 lex
514 1449 605 1511 lulia:
629 1449 737 1510 tollere
759 1450 874 1510 dulcem

100 1533 223 1613 cogitat
245 1534 400 1612 heredem,
425 1536 567 1596 cariturus
589 1543 699 1594 turture
720 1550 825 1612 magno
953 1563 959 1574 ·

98 1619 317 1698 Medorumque
339 1618 414 1679 iubis
437 1627 466 1680 et
488 1615 640 1697 captatore
661 1619 797 1679 macello.

100 1703 179 1778 Quid
203 1702 265 1762 deri
288 1719 346 1763 non
368 1720 459 1782 posse
481 1711 584 1782 putes,
607 1703 633 1766 si
656 1704 782 1782 iungitur
803 1702 863 1763 ulla

99 1785 242 1848 Ursidio?
264 1788 289 1846 si
310 1787 499 1848 moechorum
519 1789 685 1848 notissimus
709 1783 777 1848 olim

100 1871 199 1932 Stulta
222 1871 346 1931 maritali
368 1871 424 1931 iarn
446 1872 571 1950 porrigit
593 1889 644 1942 ora
670 1873 813 1950 capistro,

100 1955 198 2028 Quem
220 1956 308 2016 toties
330 1956 403 2015 texit
426 1957 547 2035 perituri
569 1957 641 2016 cista
662 1953 774 2016 hutini?

101 2038 180 2112 Quid
203 2039 281 2118 quod
305 2047 334 2098 et
355 2039 479 2118 antiquis
500 2055 576 2098 uxor
595 2040 631 2101 de
653 2038 781 2099 moribus
802 2039 844 2099 illi

100 2120 281 2196 Quaeritur?
307 2138 325 2182 o
347 2124 470 2200 medici,
493 2123 606 2183 nimiam
626 2122 791 2201 pertundite
811 2121 928 2182 venam!

99 2206 233 2266 Delicias
255 2206 390 2268 hominis!
416 2206 571 2286 Tarpeium
591 2206 678 2266 limen
700 2206 790 2266 adora

99 2288 215 2350 Pronus
239 2299 268 2350 et
289 2300 417 2352 auratam
438 2289 538 2352 lunoni
562 2291 654 2351 caede
675 2292 838 2365 iuvencam,

99 2376 132 2434 Si
156 2373 209 2434 tibi
233 2376 388 2454 contigerit
410 2377 514 2454 capitis
535 2384 665 2436 matrona
688 2375 795 2454 pudici.

99 2459 218 2519 Paucae
242 2459 316 2520 adeo
339 2456 458 2519 Cereris
477 2461 562 2519 vittas
584 2461 754 2538 contingere
775 2459 891 2536 dignae,

100 2541 231 2614 Quarum
253 2559 311 2602 non
331 2543 431 2604 timeat
451 2552 536 2622 pater
557 2543 676 2602 osenla..
711 2542 806 2603 Necte
830 2559 967 2602 coronam

100 2621 239 2686 Postibus
263 2635 293 2686 et
314 2626 422 2687 densos
444 2645 499 2706 per
521 2627 615 2687 limina
637 2627 724 2687 tende
744 2626 916 2702 corymbos!
1035 2669 1040 2685 r

99 2709 182 2769 Unus
205 2708 362 2771 Hiberinae
380 2712 428 2771 vir
449 2708 577 2770 suflicit?
602 2713 684 2770 ocius
706 2710 776 2771 illud

100 2793 318 2873 Extorquebis,
342 2803 373 2854 ut
395 2794 470 2854 haec
493 2795 579 2855 oculo
601 2804 736 2855 contenta
759 2795 796 2855 sit
818 2811 886 2854 uno.

100 2876 207 2955 Magna
229 2887 325 2939 tamen
346 2878 421 2938 fama
443 2887 489 2939 est
512 2879 659 2939 cuiusdam
680 2897 747 2938 rure
769 2886 893 2956 paterno

101 2960 257 3021 Viventis?
278 2964 356 3022 vivat
381 2962 497 3037 Gabiis,
523 2971 554 3023 ut
574 2964 646 3022 vixit
667 2963 696 3022 in
717 2978 800 3039 agro,

100 3045 189 3105 Vivat
212 3045 346 3121 Fidenis,
369 3055 404 3105 et
420 3047 519 3124 agello
543 3046 617 3106 cedo
640 3056 772 3124 paterno.

102 3128 175 3202 Quis
198 3137 302 3204 tamen·
318 3131 455 3206 affirmat,
479 3131 519 3191 nil
541 3139 636 3191 actum
656 3133 684 3190 in
706 3130 850 3191 montibus
872 3130 967 3190 autin

101 3212 283 3290 Speluncis?
303 3214 378 3274 adeo
402 3224 561 3275 senuerunt
585 3215 716 3293 luppiter
740 3224 770 3275 et
792 3213 890 3274 biars?

144 3295 347 3358 Porticibusne
371 3299 422 3358 tibi
443 3307 619 3360 monstratur
639 3299 744 3359 femina
767 3308 837 3359 voto
1059 3304 1094 3358 60

100 3379 198 3457 Digna
220 3379 293 3440 tuo?
317 3385 415 3442 cuneis
439 3401 474 3444 an
497 3382 605 3444 habent
628 3382 798 3461 spectacula
820 3383 890 3442 totis
948 3405 952 3412 ·

100 3462 189 3536 Quod
211 3481 334 3525 securus
356 3485 451 3542 ames,
476 3467 614 3547 quodque
634 3467 702 3527 inde
723 3483 888 3544 excerpere
910 3462 1028 3543 possis?
1111 3505 1112 3510 η
