2626 4006
499 218 625 266 suman
646 221 704 267 nu.
1053 215 1093 277 99

0 260 2 409 l
105 357 265 436 Numquam
287 357 363 417 aliud
386 365 505 434 natura,
530 359 607 419 aliud
631 361 771 438 sapientia
795 363 873 422 dicit.

106 442 234 502 Acribus
255 440 399 519 exemplis
422 442 527 502 videor
547 452 577 502 te
604 441 763 505 claudere?
783 447 874 507 misce

105 526 187 603 Ergo
211 525 319 603 aliquid
341 525 449 584 nostris
472 515 676 604 de'moribus,
699 529 786 588 ellico
809 548 957 608 summam,

106 611 155 669 Bis
178 618 292 687 septem
315 607 464 668 ordinibus
488 627 572 687 quam
598 610 648 670 lex
670 611 802 689 dignatur
823 612 955 674 Othonis.

105 693 188 754 llaec
211 710 327 771 quoque
350 694 374 750 si
394 711 494 769 rugam
517 693 602 753 trahit
625 696 813 775 extenditque
836 696 983 776 labellum,
1043 712 1095 766 325

107 778 196 837 Sume
225 777 297 836 duos
321 778 452 855 equites,
476 777 523 837 iac
547 778 631 837 tertia
655 780 874 858 quadringenta.

108 861 139 920 Si
160 860 285 920 nondum
304 860 423 939 implevi
445 862 602 938 gremium,
629 862 653 920 si
676 863 810 941 panditur
831 865 917 941 ultra,

107 943 172 1004 Nec
196 940 300 1006 Croesi
322 945 437 1004 fortuna
461 963 593 1024 umquam
619 963 675 1005 nec
696 947 817 1010 Persica
838 967 930 1027 regna

107 1029 259 1089 Sulflcient
281 1031 374 1090 animo
396 1047 453 1088 nec
475 1029 592 1090 diuitiae
615 1029 756 1108 Narcissi,
1047 1085 1048 1090 ,

106 1110 228 1172 indulsit
250 1111 360 1175 Caesar
383 1114 429 1174 cui
454 1110 593 1174 Claudius
616 1115 727 1191 omnia,
751 1116 832 1175 cuius
1044 1128 1098 1181 330

106 1195 204 1262 Pamit
227 1198 355 1276 imperiis
378 1215 500 1258 uxorem
525 1196 664 1258 occidere
686 1199 792 1259 iussus.

437 1467 669 1532 SATIRA
697 1467 773 1533 XV.

107 1566 187 1669 (lua
210 1601 321 1676 nescit,
346 1599 451 1659 Volusi
473 1599 642 1676 Bithynice,
666 1599 763 1679 qualia
787 1600 907 1660 demens

107 1685 263 1760 Aegyptus
282 1692 418 1761 portenta
441 1681 540 1743 colat?
565 1682 736 1743 crocodilon
758 1683 860 1745 adorat

106 1768 179 1827 Pars
200 1766 291 1842 baec,
314 1766 364 1826 illa
386 1777 475 1845 pavet
495 1776 618 1828 saturam
640 1767 826 1842 serpentibus
849 1768 915 1827 ibin.

0 1908 1 1917 ξ
106 1850 232 1927 Elligies
255 1851 332 1910 sacri
354 1852 426 1910 nitet
448 1869 536 1911 aurea
559 1850 769 1929 cercopitheci,

0 1926 1 1951 ¹
106 1933 234 1996 Dimidio
256 1935 388 2011 magicae
414 1943 551 1994 resonant
574 1934 622 1993 ubi
644 1933 798 1993 Memnone
823 1933 950 1995 chordae
1080 1944 1097 1995 5

1 2031 18 2079 .·
106 2019 207 2097 Atque
228 2026 312 2076 vetus
337 2017 438 2077 'l'bebe
464 2027 578 2077 centum
601 2019 679 2077 iacet
702 2017 805 2076 obruta
828 2019 930 2094 portis.

104 2102 172 2162 Illic
196 2100 330 2178 aeluros,
355 2101 402 2161 hic
424 2101 535 2179 piscem
559 2101 698 2176 fluminis,
722 2100 784 2160 illic

107 2184 224 2264 Oppida
245 2193 305 2245 tota
331 2203 432 2245 canem
454 2192 646 2260 venerantur,
669 2200 754 2244 nemo
777 2183 906 2244 Dianam.

105 2268 227 2329 Porrum
251 2278 280 2328 et
299 2286 392 2348 caepe
410 2267 493 2327 nefas
515 2268 629 2329 violare
651 2277 680 2328 et
698 2268 835 2344 frangere
859 2284 974 2328 morsu:

107 2354 132 2411 0
157 2361 272 2413 sanctas
295 2362 418 2430 gentes,
444 2351 545 2431 quibus
567 2351 642 2412 baec
664 2360 819 2411 nascuntur
840 2352 868 2410 in
890 2351 982 2412 hortis
1063 2363 1097 2413 lo

1 2507 2 2512 η
106 2435 243 2498 Numina!
279 2434 394 2496 Lanatis
417 2436 585 2497 animalibus
606 2434 732 2496 abstinet
754 2436 846 2495 omnia

107 2519 226 2596 neusa,
250 2520 333 2580 nefas
355 2520 416 2580 illic
438 2521 527 2580 letum
549 2520 681 2598 iugulare
705 2519 855 2598 capellae:

108 2603 251 2665 Carnibus
277 2603 405 2664 humanis
428 2606 509 2664 vesci
532 2604 612 2664 licet.
644 2604 776 2664 Attonito
797 2621 881 2683 quum

106 2688 179 2749 lale
204 2706 294 2767 super
315 2705 438 2748 coenam
462 2687 574 2748 facinus
594 2696 725 2747 narraret
743 2687 849 2748 Ulixes

105 2772 251 2849 Alcinoo,
277 2771 365 2832 bilem
387 2781 436 2832 aut
453 2774 542 2832 risum
563 2772 689 2830 fortasse
714 2770 884 2849 quibusdam
1064 2773 1096 2824 15
1194 2768 1199 2780 '

105 2855 256 2931 Moverat,
279 2864 310 2916 nt
330 2856 455 2916 mendax
476 2854 658 2931 anatalogus:
687 2852 720 2912 ln
741 2871 820 2912 mare
843 2869 927 2912 nemo

1 2991 2 3000 ,
105 2937 190 3000 Hunc
214 2939 320 3016 abicit,
343 2957 433 3001 saeva
455 2940 569 3017 dignum
592 2955 721 3015 veraque
743 2934 901 3010 Charybdi,

105 3023 278 3102 Fingentem
299 3025 437 3084 immanes
458 3022 675 3098 Laestrygonas
696 3029 783 3098 atqua
805 3014 975 3096 Cyclopas?

107 3108 179 3169 Nam
201 3110 285 3168 citius
309 3108 438 3184 Scyllam
460 3106 510 3166 vel
531 3105 735 3166 concurrentia
758 3120 828 3164 saxa

107 3191 235 3268 Cyaneis
257 3191 363 3269 plenos
388 3201 418 3252 et
438 3189 659 3269 tempestatibus
681 3197 761 3248 utres
1061 3195 1096 3248 πυ

107 3274 289 3337 Crediderim
316 3285 364 3336 aut
384 3276 462 3336 tenni
485 3291 657 3353 percussum
678 3271 805 3331 verbere
828 3268 929 3330 Circes

105 3359 143 3420 Et
166 3378 231 3420 cum
248 3359 407 3437 remigibus
429 3359 583 3437 grunnisse
605 3356 754 3436 Elpenora
777 3355 891 3434 porcis:

104 3441 176 3503 'lam
200 3444 284 3504 vacui
308 3446 410 3522 capitis
433 3443 571 3522 populum
591 3442 724 3502 Phaeaca
747 3433 939 3572 putanti-7]
