2600 4006
212 250 253 310 34
558 260 593 306 o.
613 259 684 306 run.
707 258 894 307 ruvuuunrs

213 401 273 460 lam
296 400 409 476 senior,
434 399 514 458 cuius
536 397 653 456 barbam
675 405 721 456 tua
745 397 826 456 ianua
849 397 929 456 vidit.
1150 413 1205 464 215

214 483 351 544 l'estandi
375 501 459 562 quum
482 482 517 540 sit
540 480 691 540 lenonibus
716 489 801 558 atque
824 479 934 540 lanistis

215 567 344 627 Libertas
369 574 398 625 et
420 565 489 624 iuris
510 564 585 623 idem
608 565 755 640 contingat
777 580 895 638 arenae,

214 650 279 710 Non
301 667 372 709 unns
389 649 441 708 tibi
461 647 560 706 rivalis
583 647 738 706 dictabitur
760 646 857 705 heres.
879 677 923 688 -

214 735 293 794 Pone
317 749 432 792 crucem
455 748 552 790 servo.
575 765 617 776 -
637 729 740 789 bleruit
765 747 823 809 quo
847 730 966 789 crimine
989 749 1093 790 servus

215 813 414 896 Supplicium?
440 816 504 894 quis
527 814 610 873 testis
632 811 736 874 adest?
759 814 824 892 quis
846 810 969 872 detulit?
992 815 1067 890 audi,
1150 827 1203 878 220

214 901 299 962 Nulla
325 917 457 979 umquam
479 898 515 957 de
538 907 630 957 morte
654 896 776 956 bominis
803 897 946 956 cunctatio
972 896 1059 974 longa
1082 908 1137 956 est.
1162 933 1204 943 -

215 984 239 1044 0
262 985 396 1059 demens,
421 984 459 1042 ita
482 999 585 1040 servus
607 980 693 1040 bomo
718 977 783 1038 esti
809 979 992 1055 obiecerit,
1017 989 1098 1040 esto:

213 1067 277 1128 lloc
299 1066 385 1141 volo,
410 1067 453 1125 sic
475 1064 577 1139 iubeo,
602 1065 646 1141 sit¹
661 1080 715 1141 pro
738 1064 849 1122 ratione
871 1063 1015 1123 voluntas.

214 1151 340 1229 Imperat
362 1166 434 1226 ergo
456 1149 536 1214 viro;
560 1147 612 1206 sed
634 1164 701 1206 mox
723 1145 798 1206 baec
820 1165 911 1224 regna
933 1147 1069 1227 relinquit

214 1235 418 1311 Permutatque
440 1232 542 1291 domos
566 1239 595 1289 et
617 1231 746 1290 llammea
770 1232 907 1298 conterit:
931 1231 996 1290 inde
1151 1245 1203 1296 225
1296 1263 1297 1320 ᾗ

215 1316 322 1377 Avolat
346 1324 374 1376 et
396 1317 485 1394 spreti
507 1314 616 1393 repetit
639 1315 762 1390 vestigia
784 1314 862 1373 lecti.

216 1399 338 1460 Ornatas
360 1399 446 1478 paulo
466 1408 531 1458 ante
553 1397 651 1474 iores,
675 1397 832 1476 pendentia
853 1397 956 1476 linquit

216 1483 288 1544 Vela
311 1484 411 1544 domus
437 1491 466 1542 et
491 1481 584 1544 adbuc
605 1482 714 1541 virides
736 1481 763 1538 in
786 1481 881 1540 limine
903 1499 1009 1541 ramos.

216 1569 265 1628 Sic
288 1568 395 1628 crescit
415 1583 567 1640 numerus,
591 1566 634 1623 sic
659 1565 726 1624 liunt
751 1572 819 1623 octo
841 1565 933 1624 mariti

216 1650 348 1730 Quinque
373 1668 427 1729 per
449 1659 614 1723 autumnos,
636 1647 718 1712 titulo
738 1665 786 1706 res
810 1648 895 1724 digna
917 1649 1055 1728 sepulcri.

257 1733 448 1812 Desperanda
472 1733 523 1791 tibi
547 1731 627 1790 salva
650 1730 805 1790 concordia
828 1748 924 1790 socru.

214 1817 268 1878 llla
292 1817 379 1876 docet
401 1816 503 1895 spoliis
526 1814 591 1874 nudi
614 1813 743 1890 gaudere
765 1815 871 1882 mariti;

215 1900 268 1960 llla
294 1900 381 1960 docet
404 1899 499 1958 missis
521 1916 538 1958 a
561 1905 734 1975 corruptore
760 1896 876 1956 tabellis

214 1982 262 2043 Nil
285 1983 356 2042 rude
379 2001 435 2044 nec
457 1981 582 2061 simplex
602 1981 782 2045 rescribere:
807 1981 915 2059 decipit
938 1980 987 2041 illa

217 2064 361 2127 Custodes
383 2074 430 2126 aut
452 2084 520 2126 aere
544 2066 652 2125 domat:
675 2073 743 2124 tunc
767 2081 892 2142 corpore
915 2082 985 2124 sano

216 2150 349 2210 Advocat
370 2149 558 2228 Archigenen
581 2165 763 2227 onerosaque
785 2147 874 2225 pallia
897 2149 993 2208 iactat.

215 2234 338 2294 Abditas
359 2235 470 2294 interea
493 2233 563 2294 latet
585 2241 613 2292 et
635 2240 766 2291 secretus
789 2231 911 2308 adulter,

215 2318 430 2396 Impatiensque
453 2334 551 2376 morae
575 2315 642 2374 silet
664 2325 692 2374 et
713 2315 864 2393 praeputia
885 2315 972 2374 ducit.

217 2401 337 2461 Scilicet
362 2409 535 2478 exspectas,
560 2406 588 2456 ut
607 2399 699 2457 tradat
720 2407 812 2457 mater
832 2397 973 2457 honestos

215 2483 311 2562 Atque
334 2483 408 2542 alios
433 2498 546 2557 mores,
571 2499 653 2560 quam
675 2498 748 2558 quos
770 2479 880 2540 habeti
902 2482 972 2541 utile
994 2499 1083 2560 porro

215 2565 347 2626 Filiolam
367 2567 443 2644 turpi
464 2564 581 2624 vetulae
604 2565 768 2643 producere
790 2574 913 2643 turpem.

216 2648 301 2708 Nulla
324 2648 387 2708 iere
411 2666 497 2708 causa
522 2658 583 2724 est,
607 2650 634 2706 in
657 2666 712 2726 qua
734 2664 791 2706 non
809 2647 914 2708 femina
934 2649 1012 2708 litem

215 2731 349 2791 bloverit.
391 2731 519 2792 Accusat
541 2731 671 2805 Manilia,
699 2732 722 2790 si
745 2749 795 2790 rea
818 2740 951 2792 nonest.

217 2813 399 2893 Componunt
419 2816 500 2894 ipsae
521 2833 575 2893 per
596 2833 628 2874 se
650 2814 831 2892 formantque
853 2814 982 2890 libellos,

216 2899 390 2977 Principium
414 2906 500 2976 atque
523 2899 607 2958 locos
630 2895 719 2958 Celso
744 2899 853 2958 dictare
876 2907 1004 2977 paratae.

215 2981 407 3042 Endromidas
429 2980 532 3057 l'prias
555 2993 584 3042 et
605 2982 757 3041 femineum
784 2999 898 3042 ceroma

217 3064 290 3139 Quis
310 3063 424 3125 nescit?
445 3066 494 3126 vel
517 3067 581 3144 quis
602 3082 659 3123 non
684 3067 754 3125 vidit
775 3065 894 3124 vulnera
918 3061 997 3142 palii

217 3147 310 3222 Quem
334 3159 418 3208 cavat
442 3149 565 3208 assiduis
589 3147 706 3207 sudibus
729 3156 870 3226 scutoque
893 3147 1011 3208 lacessit

218 3233 314 3310 Atque
339 3249 438 3291 omnes
463 3232 563 3311 implet
587 3249 721 3290 numeros
745 3232 910 3308 dignissima
935 3247 1056 3309 prorsus

216 3315 325 3376 Florali
347 3325 476 3375 matrona
498 3315 581 3389 tuba,
603 3315 657 3372 nisi
679 3316 702 3372 si
725 3316 792 3392 quid
814 3315 842 3372 in
865 3314 916 3374 illo

214 3399 342 3459 Pectore
363 3398 428 3476 plus
451 3398 540 3474 agitat
560 3415 708 3474 veraeque
731 3407 847 3476 paratur
868 3414 984 3458 arenae.

216 3481 310 3554 Quem
333 3488 483 3560 praestare
506 3488 604 3558 potest
625 3480 729 3539 mulier
747 3481 862 3556 galeata
882 3481 1033 3559 pudorem,
