2600 4006
208 251 248 312 22
401 322 405 328 ,
526 265 560 310 n.
584 263 655 311 run.
678 265 862 313 ruvnuuurs

208 403 271 464 Nec
292 402 396 462 melior
417 402 514 478 vultu,
541 406 669 481 quamvis
691 404 846 480 ignobilis,
869 403 928 464 ibat

209 486 349 562 Rubrius,
374 486 505 547 offensae
526 488 635 546 veteris
658 506 725 546 reus
748 497 834 564 atque
856 489 1008 565 tacendae,
1072 549 1074 554 ,

208 570 245 630 Et
267 580 361 630 tamen
384 570 542 649 improbior
564 573 678 630 satiram
701 570 847 630 scribente
871 572 1002 631 cinaedo.

207 655 333 715 blontani
359 671 476 732 quoque
497 663 599 714 venter
621 655 704 714 adest
727 653 877 714 abdomine
900 657 1010 731 tardus,

208 738 245 798 Et
266 739 402 798 matutino
425 739 531 799 sudans
556 735 705 816 Crispinus
729 756 852 814 amomo,

209 823 350 896 Quantum
370 817 575 882 vix'redolent
596 822 652 882 duo
675 822 792 890 lunera;
817 822 934 881 saevior
955 820 1007 880 illo

208 907 362 984 Pompeius
383 907 461 965 tenui
482 905 598 984 iugulos
621 907 735 983 aperire
757 924 888 978 susurro,

208 990 245 1049 Et
269 992 315 1068 qui
339 989 498 1049 vulturibus
521 988 657 1048 servabat
677 991 792 1049 viscera
813 989 902 1049 Dacis

208 1075 337 1148 Fuscus,
361 1088 522 1134 marmorea
542 1072 693 1132 meditatus
716 1073 829 1150 proelia
851 1072 931 1147 villa,

209 1158 246 1218 Et
271 1175 334 1216 curn
354 1156 503 1216 mortifero
526 1157 652 1234 prudens
674 1155 799 1216 Veiento
824 1153 951 1231 Catullo,
1022 1173 1026 1180 ·

210 1241 265 1315 Qui
286 1257 438 1318 numquam
459 1243 540 1301 visae
564 1240 703 1316 flagrabat
725 1257 823 1299 amore
846 1238 975 1318 puellae,

210 1324 323 1385 Grande
348 1333 378 1383 et
402 1327 590 1403 conspicuum
612 1333 712 1386 nostro
734 1341 851 1402 quoque
868 1333 1002 1402 ternpore
1023 1331 1197 1387 monstrum

210 1407 324 1467 Caecus
348 1407 480 1467 adulator
502 1408 638 1486 dirusque
660 1426 677 1467 a
699 1417 787 1486 ponte
810 1407 941 1484 satelles,
1147 1418 1199 1470 115

209 1492 320 1568 Dignus
346 1492 480 1552 Aricinos
503 1493 551 1572 qui
573 1492 750 1552 mendicaret
773 1493 904 1551 adaxes

209 1575 375 1653 Blandaque
397 1576 529 1636 devexae
553 1578 675 1636 iactaret
696 1574 777 1635 basia
799 1576 898 1636 redae.

209 1659 301 1718 Nemo
324 1662 415 1736 magis
436 1659 586 1719 rhombum
609 1661 732 1736 stupuit:
754 1677 818 1718 nam
839 1659 961 1737 plurima
985 1656 1056 1715 dixit

209 1743 241 1803 ln
263 1743 376 1802 laevum
400 1760 575 1810 conversus;
599 1751 628 1800 at
649 1743 692 1801 illi
716 1741 817 1802 dextra
838 1741 953 1802 iacebat
1074 1809 1078 1815 ,
1148 1752 1200 1803 120
1295 1787 1296 1790 ,

210 1825 320 1885 bellua.
366 1827 415 1885 Sic
438 1844 549 1904 pugnas
571 1823 671 1885 cilicis
694 1825 828 1885 laudabat
850 1835 880 1886 et
903 1829 977 1886 ictus

210 1907 247 1969 llt
269 1927 374 1987 pegma
396 1919 424 1968 et
448 1927 555 1988 pueros
579 1910 702 1969 indeed
725 1910 834 1970 velaria
859 1918 969 1988 raptos.

210 1993 275 2053 Non
298 1994 374 2053 cedit
394 1992 536 2069 Veiento,
559 1993 611 2053 sed
634 2003 665 2053 ut
686 1994 826 2054 fanaticus
851 2002 951 2053 oestro

211 2078 385 2152 Percussus,
409 2077 548 2153 bellona,
572 2086 621 2137 tuo
644 2079 751 2140 divinat
771 2087 817 2153 et,
841 2077 947 2155 Ingens

211 2160 302 2221 Omen
323 2160 428 2236 habes,
452 2164 558 2240 inquit,
583 2163 678 2238 magni
701 2161 829 2240 clarique
852 2161 1001 2239 triumphi:
1148 2171 1200 2224 125

211 2244 322 2322 Regem
345 2239 608 2323 aliquem'capies,
632 2255 680 2305 aut
702 2245 737 2304 de
759 2255 875 2304 temone
895 2245 1031 2304 britanno

210 2329 335 2389 Excidet
357 2327 532 2405 Aruiragus:
555 2330 709 2404 peregrina
731 2338 776 2387 est
798 2328 910 2396 bellua;
937 2330 1032 2388 cernis
1124 2371 1127 2376 -

210 2411 333 2489 Erectas
356 2414 384 2470 in
406 2420 489 2488 terga
511 2409 672 2471 sudes‘l-
691 2409 755 2470 Hoc
775 2411 865 2470 defuit
887 2431 972 2472 unum

211 2494 365 2570 Fabricio,
387 2496 508 2572 patriam
530 2503 561 2553 ut
582 2494 694 2554 rhombi
720 2505 895 2556 memoraret
918 2504 947 2554 et
968 2513 1124 2556 annos.-

212 2577 351 2651 Quidnam
373 2579 460 2654 igitur
482 2575 610 2637 censes?
632 2577 863 2657 concidituri—
883 2577 968 2638 Absit
987 2578 1023 2638 ab
1044 2579 1096 2640 illo
1148 2585 1202 2640 130
1292 2643 1293 2656 ,

210 2661 347 2722 Dedecus
369 2661 443 2736 hoc,
466 2660 616 2721 Montanus
639 2666 689 2731 ait:
714 2672 789 2722 testa
812 2662 868 2722 alta
893 2671 1020 2740 paretur,

213 2745 294 2818 Quae
317 2747 394 2804 tenui
418 2762 499 2804 muro
522 2748 679 2823 spatiosum
702 2747 821 2823 colligat
844 2746 953 2805 orbern.

211 2828 343 2888 Debetur
365 2847 485 2906 magnus
508 2833 623 2908 patinae
648 2829 818 2908 subitusque
839 2828 1044 2895 Prometheus;

212 2913 353 2989 Argillam
375 2922 462 2991 atque
485 2923 577 2974 rotam
600 2915 682 2974 citius
706 2913 879 2993 properate!
905 2913 958 2972 sed
979 2931 1017 2973 ex
1038 2911 1096 2972 boc

211 2995 357 3074 'l’empore
378 2999 448 3072 iam,
471 2995 595 3073 Caesar,
620 2997 701 3074 figuli
726 3008 773 3057 tua
796 3008 891 3058 castra
911 3005 1202 3075 sequacium-135
1290 3025 1291 3070 ς

210 3079 288 3138 Vicit
309 3080 394 3157 digna
415 3084 478 3141 viro
500 3085 656 3142 sententia:
680 3091 802 3142 noverat
821 3081 873 3143 illo

211 3162 364 3224 Luxuriam
385 3166 498 3243 imperii
518 3175 648 3225 veterem
671 3174 832 3244 noctesque
855 3165 980 3225 Neronis
1067 3165 1071 3170 “

211 3246 270 3305 lam
291 3247 400 3309 medias
422 3249 566 3328 aliamque
588 3249 708 3324 famem,
733 3268 817 3328 quum
842 3249 940 3328 pulmo
963 3246 1089 3307 Falerno

212 3331 347 3391 Arderet.
392 3331 470 3392 Nulli
492 3335 583 3392 rnaior
603 3332 657 3392 fuit
679 3351 747 3392 usus
772 3332 875 3393 edendi

212 3413 398 3493 Tempestate
421 3433 499 3474 mea:
524 3402 635 3474 Circeis
658 3426 722 3476 nata
744 3418 840 3476 forent
862 3435 897 3476 an
1101 3468 1103 3472 .
1150 3425 1205 3478 lto

212 3495 360 3558 Lucrinum
383 3497 419 3558 ad
443 3516 543 3558 saxum
566 3497 748 3577 Rutupinove
772 3501 848 3560 edita
867 3501 955 3561 lundo
