2600 4006
192 205 211 266 8
518 216 553 262 1).
574 216 645 263 IUN.
669 215 854 264 Iovonaurs

195 355 356 420 Montanum
374 354 477 432 positis
499 354 611 413 audiret
634 351 739 431 vulgas
760 355 872 414 aratris.

194 438 269 513 Quid
290 455 348 498 non
371 437 555 516 proclames,
577 438 754 515 incorpore
778 437 880 497 iudicis
902 439 958 498 ista

194 524 225 583 si
244 517 367 583 videas?
389 537 499 601 quaero
520 538 556 580 an
578 521 702 581 deceant
723 519 849 581 multicia
871 517 997 582 testem?

193 606 274 667 Acer
296 615 325 666 et
347 605 500 665 indomitus
522 604 723 683 libertatisque
747 605 901 681 magister,

194 686 329 764 Gratiae,
347 687 500 765 perluces!
521 687 610 748 Dedit
630 687 704 747 banc
727 689 861 765 contagio
883 688 979 748 labem

194 772 230 834 Et
251 771 328 834 dabit
349 773 378 832 in
400 771 516 850 plures:
544 773 617 832 sicut
636 789 711 849 grex
732 781 810 831 totus
830 772 858 830 in
877 773 955 848 agris

193 856 283 916 Unius
303 855 403 917 scabie
427 855 503 915 cadit
526 863 554 914 et
576 857 726 934 porrigine
747 856 847 934 porci,

192 939 314 1020 Unaque
337 947 495 1017 conspecta
518 939 640 999 livorem
662 939 739 999 ducit
761 937 797 998 ab
819 957 884 998 uva.

192 1023 320 1085 Foedius
342 1023 399 1084 boc
422 1021 529 1100 aliquid
552 1023 725 1102 quandoque
748 1021 870 1083 audebis
891 1023 1012 1082 amictu:

193 1106 286 1168 Nemo
308 1115 431 1185 repente
454 1105 507 1165 luit
528 1107 725 1184 turpissimus;
747 1106 892 1184 accipient
914 1114 943 1165 te

193 1191 347 1267 Paulatim,
367 1190 416 1269 qui
439 1189 526 1267 longa
548 1189 624 1250 domi
644 1189 812 1250 redimicula
834 1196 945 1249 sumant

84 1301 88 1314 ¹
192 1273 348 1335 Frontibus
370 1282 399 1333 et
422 1281 483 1332 toto
508 1289 636 1352 posuere
658 1273 773 1334 monilia
796 1273 892 1347 collo,

195 1358 290 1437 Atque
310 1357 418 1418 Bonam
439 1365 560 1416 tenerae
583 1357 699 1435 placant
721 1356 876 1417 abdomine
897 1373 1007 1435 porcae

194 1439 231 1502 Et
251 1459 356 1519 magno
379 1449 494 1501 cratere
516 1440 623 1509 Deam;
652 1442 703 1501 sed
726 1456 808 1500 more
830 1441 945 1500 sinistro

194 1525 347 1604 Exagitata
369 1524 473 1604 procul
492 1541 548 1584 non
571 1526 656 1585 intrat
676 1525 782 1584 femina
804 1525 906 1592 limem

194 1609 272 1669 Solis
293 1625 343 1669 ara
365 1609 438 1669 deae
459 1608 585 1669 maribus
605 1617 695 1687 patet.
727 1609 770 1668 lte
792 1608 948 1686 profanae!
1050 1635 1051 1639 ¹

195 1690 354 1761 clamatum
378 1692 457 1752 nullo
479 1693 569 1769 gemit
589 1691 637 1752 bic
657 1691 773 1752 tibicina
797 1709 895 1752 cornu.

193 1775 274 1837 Talia
298 1784 413 1836 secreta
436 1775 587 1835 coluerant
609 1776 692 1852 orgia
713 1776 799 1835 taeda

196 1857 370 1938 Cecropiam
388 1859 467 1941 soliti
488 1858 599 1936 Raptae
623 1859 734 1919 lassare
758 1856 887 1935 Cotytto.

192 1943 247 2004 lllc
270 1943 455 2022 supercilium
476 1942 590 2003 madida
611 1941 732 2020 iuligine
756 1951 862 2003 tactum

194 2025 317 2105 Obliqua
341 2027 475 2105 producit
497 2044 551 2086 acu
572 2027 721 2106 pingitque
743 2035 902 2087 trementes

195 2110 343 2171 Attollens
360 2109 478 2170 oculos:
499 2111 594 2170 vitreo
612 2109 684 2170 bibit
701 2111 751 2171 ille
775 2113 895 2189 priapo,

195 2193 416 2274 Reticulumque
438 2196 529 2255 comis
550 2203 679 2254 auratum
697 2195 861 2273 ingentibus
884 2193 983 2272 implet

195 2275 339 2338 Caerulea
361 2279 475 2338 indutus
496 2277 637 2337 scutulata
655 2287 703 2338 aut
725 2277 841 2356 galbina
863 2296 945 2354 rasa,

193 2360 231 2422 Et
253 2380 307 2441 per
327 2360 465 2421 lunonem
487 2360 592 2420 domini
615 2361 725 2420 iurante
745 2362 884 2421 ministro.

193 2444 247 2505 llle
268 2453 348 2504 tenet
369 2443 539 2523 speculum,
562 2442 671 2521 pathici
692 2453 843 2522 gestamen
866 2443 1003 2519 Othonis,

197 2527 312 2587 Actoris
335 2526 462 2588 Aurunci
484 2526 625 2605 spolium,
650 2545 707 2607 quc
730 2547 764 2588 se
785 2527 837 2588 ille
854 2528 972 2588 videbat
1133 2539 1188 2591 100

193 2610 356 2687 Armatam,
379 2629 464 2690 quum
485 2613 540 2671 iam
559 2610 622 2670 tolli
642 2611 752 2672 vexilla
774 2612 897 2672 iuberet.

193 2694 254 2754 Res
275 2695 459 2755 memoranda
481 2694 565 2753 novis
588 2695 737 2755 annalibus
759 2705 845 2775 atque
868 2706 979 2756 recenti

193 2777 335 2854 Historia,
359 2778 509 2857 speculum
531 2777 625 2838 civilis
647 2780 760 2840 sarcina
783 2780 869 2840 belli!

193 2859 331 2922 Nimimm
352 2863 452 2922 summi
470 2863 552 2922 ducis
575 2871 621 2922 est
642 2864 780 2924 occidere
804 2863 922 2924 Galbam

193 2943 230 3005 ltu
250 2963 351 3006 curare
374 2955 483 3010 cutem:
504 2946 604 3006 summi
626 2948 784 3022 constantia
810 2948 898 3022 ciuis,
1136 2958 1187 3009 loo

193 3027 327 3089 bebriaci
350 3046 452 3108 campo
474 3029 599 3108 spolium
620 3030 759 3091 affectare
781 3029 872 3090 Palati

193 3111 231 3172 Et
251 3129 384 3190 pressum
406 3114 435 3171 in
456 3112 561 3172 laciem
584 3114 680 3191 digitis
703 3113 863 3174 extendere
885 3130 1003 3192 panem:

196 3194 280 3268 Quod
304 3213 361 3256 neo
380 3196 409 3255 in
424 3194 546 3271 Assyrio
569 3195 734 3275 pharetrata
757 3197 922 3258 Semiramis
945 3195 1028 3272 orbe,

193 3277 306 3340 blaesta
328 3297 384 3340 nec
405 3278 526 3340 Actiaca
551 3279 620 3340 lecit
644 3277 801 3360 Cleopatra
821 3283 927 3341 carina.

194 3361 246 3422 llic
268 3363 363 3423 nullus
384 3363 483 3424 verbis
507 3365 601 3443 pudor
620 3374 668 3425 aut
687 3366 851 3424 reverentia
874 3381 1010 3436 mensae;
1136 3375 1188 3428 tto

194 3444 247 3505 llic
271 3449 362 3525 turpis
384 3445 512 3523 Cybeles
536 3456 565 3507 et
587 3448 679 3508 fracta
701 3464 776 3507 voce
799 3448 937 3527 loquendi
