2600 4006
498 244 623 293 suumn
647 247 694 294 1v.

101 385 217 446 Privatis
244 385 353 444 maiora
377 384 469 454 iocis;
493 385 616 462 genialis
643 395 745 462 agatur

100 469 154 530 iste
174 469 254 540 dies;
276 484 403 547 propera
428 468 606 529 stomachum
628 469 730 529 laxare
750 470 879 548 saginae,

100 551 133 612 Et
156 560 205 612 tua
226 560 372 612 serratum
397 568 536 612 consume
556 554 584 612 in
607 553 707 613 secula
729 553 894 628 rhombum;

99 636 164 714 ipse
187 637 252 714 capi
273 634 426 694 voluit-
441 635 515 709 Quid
527 635 676 713 apertius?
695 647 834 698 ettamen
856 639 898 700 illi

99 719 260 796 Surgebant
281 720 404 788 cristae;
428 719 499 781 nihil
520 730 565 780 est
587 721 663 798 quod
687 722 810 782 credere
833 723 869 783 de
893 742 926 783 se

98 803 160 863 Non
179 804 289 882 possit,
317 820 403 880 quum
425 803 566 878 laudatur,
588 806 633 866 dis
646 817 740 883 aequa
762 815 902 884 potestas.

98 888 154 948 Sed
180 886 282 946 deerat
303 888 377 966 pisci
394 888 515 964 patinae
537 906 694 948 mensura·
723 889 873 950 Vocantur

98 971 175 1048 Ergo
198 973 226 1030 in
249 970 400 1031 consilium
423 987 580 1049 proceres,
605 989 679 1050 quos
701 975 803 1034 oderat
826 973 892 1043 ilie;

97 1056 127 1116 ln
151 1068 273 1133 quorum
295 1055 371 1115 facie
392 1057 517 1114 miserae
537 1073 717 1135 magnaeque
739 1056 860 1118 sedebat

98 1139 194 1199 Pallor
217 1139 368 1199 amicitiae.
415 1138 541 1214 Primus,
566 1139 708 1200 clamante
731 1140 872 1202 Liburno:

99 1221 228 1297 Currite,
252 1224 307 1282 iam
329 1221 418 1282 sediti
443 1231 525 1300 rapta
549 1222 727 1300 properabat
748 1224 846 1285 abolla

99 1307 246 1383 Pegasus,
270 1307 408 1366 attonitae
431 1308 545 1384 positus
567 1307 653 1366 modo
687 1307 792 1367 vilicus
816 1307 881 1368 urbi
896 1343 937 1355 -

97 1391 180 1450 Anne
203 1388 281 1458 alind
304 1399 372 1450 tunc
395 1387 556 1469 praefecti?
584 1407 705 1468 quorum
727 1387 850 1469 optim'ns
874 1401 961 1468 atque

98 1474 246 1552 interpres
270 1473 367 1551 legum
389 1475 588 1542 sanctissimus
614 1475 708 1534 omnia
731 1492 901 1553 quamquam

98 1557 290 1636 Temporibus
313 1557 382 1616 diris
405 1557 554 1616 tractanda
579 1557 697 1634 putabat
718 1558 820 1617 inermi

97 1642 218 1701 lustitia.
263 1640 350 1713 Venit
373 1648 403 1698 et
427 1636 522 1718 Crispi
546 1641 667 1702 iucunda
691 1649 838 1717 senectus,

98 1723 186 1785 Cuius
213 1733 295 1784 erant
317 1741 431 1800 mores,
456 1724 550 1802 qualis
571 1725 722 1801 facundia,
745 1726 814 1785 mite

96 1808 370 1886 ingenium3'maria
395 1825 430 1868 ac
453 1817 548 1868 terras
573 1809 760 1887 populosque
782 1811 897 1887 regenti
944 1808 947 1813 ’
1039 1887 1041 1890 ¹

97 1893 167 1966 Quis
197 1909 296 1952 comes
318 1890 432 1968 utilior,
455 1893 479 1951 si
502 1892 584 1952 clade
607 1903 637 1952 et
660 1903 746 1972 peste
773 1892 896 1953 subiba
972 1943 976 1949 .

97 1977 255 2037 Saevitiam
277 1977 413 2038 damnare
440 1985 470 2035 et
492 1976 644 2036 honestum
666 1977 771 2038 afferre
794 1977 898 2037 liceret

98 2056 278 2121 Consilium?
303 2061 356 2120 sed
380 2060 448 2139 quid
469 2060 624 2120 violentius
648 2078 718 2120 aure
741 2061 864 2135 tyranni,

99 2143 168 2204 Cum
193 2144 310 2223 quode
331 2143 438 2222 pluviis
460 2153 509 2204 aut
530 2143 658 2204 aestibus
680 2151 728 2202 aut
751 2142 884 2203 nimboso

97 2228 176 2288 Vere
201 2226 325 2288 locuturi
346 2228 436 2288 iatum
458 2227 603 2306 pendebat
623 2223 727 2287 amici?

96 2311 152 2372 Ille
172 2313 261 2389 igitur
284 2330 436 2390 numquam
462 2312 568 2372 direxit
589 2311 706 2372 brachia
730 2320 830 2371 contra

98 2395 286 2472 Torrentem,
311 2414 367 2455 nec
390 2397 461 2455 civis
485 2405 564 2470 erat,
589 2397 637 2474 qni
662 2395 754 2459 libera
777 2403 880 2473 posset

97 2479 197 2540 Verba
219 2481 304 2540 animi
327 2478 464 2556 proferre
486 2487 516 2538 et
539 2481 623 2539 vitam
647 2479 814 2557 impendere
837 2497 919 2539 vero.

98 2565 147 2623 Sic
169 2558 274 2624 multas
298 2563 409 2623 hiemes
432 2571 519 2639 atque
544 2565 725 2640 octogesima
746 2563 817 2623 vidit

97 2647 249 2722 Solstitia,
272 2646 316 2706 bis
339 2647 425 2705 armis
447 2645 498 2705 ilia
520 2663 637 2724 quoque
662 2656 739 2707 tutus
762 2647 791 2706 in
813 2645 887 2706 aula.

96 2731 250 2791 Proximus
273 2730 403 2790 eiusdem
425 2729 602 2808 properabat
625 2729 736 2790 Acilius
760 2731 825 2790 aevi

97 2813 170 2874 Cum
191 2815 298 2874 iurene
320 2814 455 2891 indigno,
479 2831 563 2891 quem
585 2831 662 2873 mors
685 2823 742 2873 tam
765 2831 853 2874 saeva
875 2821 1004 2874 maneret
1057 2819 1091 2872 95

96 2899 133 2958 iit
159 2897 266 2958 domini
289 2897 395 2975 gladiis
417 2903 474 2958 tam
496 2898 646 2965 festinata;
670 2896 722 2956 sed
747 2895 815 2956 oiim

96 2981 237 3059 Prodigio
258 3000 312 3060 par
337 2991 382 3041 est
403 2983 431 3040 in
453 2981 604 3042 nobilitate
627 2987 779 3040 senectus:

95 3065 182 3128 Unde
204 3066 252 3141 iit,
276 3074 307 3125 ut
329 3065 424 3125 malim
446 3065 620 3126 fraterculus
644 3081 711 3123 esse
735 3059 878 3140 Gigantis!

96 3150 211 3210 Profuit
234 3167 307 3228 ergo
331 3149 401 3210 nibil
422 3151 546 3224 misero,
571 3148 648 3226 quod
673 3147 802 3207 cominus
825 3160 909 3205 ursos
1003 3158 1005 3162 ·

96 3233 223 3312 Pigebat
246 3232 384 3294 Numidas
407 3233 520 3294 Albana
543 3231 634 3291 nudus
656 3247 759 3292 arena·
1044 3239 1091 3291 lot]

95 3317 247 3386 Venator;
272 3318 337 3396 quis
362 3319 436 3376 enim
459 3319 513 3376 iam
536 3332 594 3374 non
613 3315 767 3391 intellegat
781 3323 858 3374 artes

97 3397 263 3462 Patricius?
287 3401 351 3479 quis
375 3403 502 3479 priscum
525 3397 595 3458 illud
617 3399 735 3457 miratur
757 3415 887 3472 acumen,

97 3483 208 3560 Brute,
233 3480 334 3545 tuum?
359 3485 447 3545 facile
469 3492 514 3543 est
534 3481 655 3542 barbato
678 3483 828 3561 imponere
849 3482 922 3559 regi.
