2626 4006
539 259 575 306 1).
598 258 668 305 mn.
691 255 877 304 Imtunnnls

531 489 764 555 SATIRA
786 489 865 553 XII.

208 607 324 709 Natali,
352 632 494 709 Gorvine,
519 632 566 693 die
587 633 654 693 mibi
678 633 791 694 dulcior
814 632 888 693 baec
914 631 974 708 lux,

209 722 273 796 Qua
295 718 388 778 festus
409 718 552 795 promissa
576 716 638 776 deis
660 717 791 777 animalia
813 733 920 794 cespes

208 805 380 882 Exspectat.
413 798 533 859 Nireum
555 801 674 878 reginae
697 801 827 861 ducimus
849 817 962 877 agnam,

208 891 263 950 Par
284 886 379 946 vellus
403 883 517 945 dabitur
537 887 674 962 pugnanti
696 883 833 962 Gorgone
854 882 967 951 Naura;

208 972 268 1034 Sed
289 969 393 1048 procul
416 978 566 1028 extensum
591 969 725 1046 petulens
748 969 837 1045 quatit
858 965 952 1026 hostia
973 967 1068 1026 iuuem
1178 977 1195 1029 5

208 1055 335 1133 Tarpeio
358 1061 472 1112 servata
496 1052 559 1112 lovi
584 1051 767 1129 frontemque
789 1059 936 1124 coruscat,

209 1139 326 1216 Quippe
351 1136 437 1195 ferox
458 1135 583 1210 vitulus,
613 1135 728 1214 templis
752 1143 879 1195 maturus
902 1142 931 1194 et
956 1151 1024 1194 erae

209 1220 458 1300 spargendusque
484 1235 582 1294 mero,
606 1237 692 1296 quem
713 1220 768 1279 ium
791 1217 881 1296 pudet
901 1216 993 1278 ubera
1015 1220 1138 1278 matris·

209 1305 343 1377 Ducere,
371 1303 419 1380 qui
439 1311 526 1362 vexat
548 1305 679 1362 nascenti
700 1301 808 1362 robora
830 1317 929 1361 cornu.

209 1389 240 1449 Si
262 1405 311 1447 res
335 1386 429 1463 ampla
453 1386 528 1446 domi
548 1385 709 1464 similisque
732 1383 883 1446 affectibus
906 1393 996 1461 esset,
1164 1399 1195 1450 lo

209 1472 346 1548 Pinguior
367 1469 499 1548 Hispulla
521 1469 684 1530 traheretur
705 1478 804 1530 taurus
826 1477 857 1529 et
880 1469 944 1546 ipsa

208 1554 288 1615 Nole
310 1555 395 1632 piger
416 1571 472 1614 nec
494 1553 610 1613 finitima
631 1554 751 1613 nutritus
773 1550 924 1626 imberba,

208 1639 296 1699 laeta
319 1636 372 1696 sed
396 1636 552 1697 ostendens
576 1634 710 1696 Clitumni
732 1653 841 1714 pascua
868 1635 986 1711 sanguis

208 1721 268 1781 lret
291 1729 320 1780 et
342 1738 358 1779 a
379 1720 481 1796 grandi
504 1721 606 1780 cervix
627 1719 758 1780 ferienda
782 1719 923 1794 ministro,
970 1789 975 1798 Ι

210 1803 254 1863 Ob
277 1803 400 1863 reditum
421 1803 591 1881 trepidantis
614 1802 707 1863 adhuc
727 1801 929 1880 horrendaque
952 1803 1030 1880 pessi

209 1887 310 1965 Nuper
332 1895 362 1945 et
384 1885 556 1946 incolumem
579 1904 647 1946 sese
667 1888 795 1947 mirantis
817 1886 910 1946 amici.

208 1970 281 2032 Nam
302 1978 420 2048 praeter
445 1969 543 2048 pelagi
567 1988 651 2030 casus
675 1979 704 2030 et
727 1970 851 2031 fulminis
871 1970 946 2030 ictus

121 2045 130 2059 ’
209 2054 325 2114 Evasit:
360 2053 468 2114 densae
493 2053 607 2113 coelum
630 2053 811 2115 abscondere
838 2053 978 2114 tenebrae

208 2138 292 2198 Nube
318 2156 374 2198 una
400 2138 570 2217 subitusque
593 2147 741 2199 antemnas
764 2137 875 2216 impulit
897 2138 983 2214 iguis,

211 2221 304 2295 Quum
326 2240 359 2280 se
384 2223 505 2300 quisque
528 2222 579 2281 illo
601 2240 772 2300 percussum
795 2220 931 2281 crederet
956 2231 985 2281 et
1005 2237 1074 2280 mox

211 2305 356 2366 Attonitus
381 2304 488 2365 nullum
511 2305 638 2366 conferri
660 2323 750 2384 posse
774 2314 888 2384 putaret

209 2387 395 2465 Naufragium
417 2387 491 2447 velis
515 2389 689 2449 ardentibus.
725 2387 825 2449 Omnia
849 2388 917 2448 liunt

217 2471 308 2548 lalia,
330 2480 387 2530 tam
410 2472 554 2548 graviter,
577 2474 601 2532 si
624 2473 738 2551 quando
758 2473 875 2550 poetica
896 2472 988 2548 surgit

210 2555 393 2633 Tempestas.
428 2552 524 2613 Genus
546 2574 618 2616 ecee
641 2556 717 2616 aliud
741 2556 910 2616 discriminis
933 2555 998 2616 audi

210 2637 247 2697 Et
269 2639 410 2697 miserere
431 2639 548 2714 iterum,
573 2657 743 2717 quamquam
765 2641 821 2698 sint
844 2648 943 2699 cetera
966 2640 1056 2699 sortis
1180 2655 1191 2668 '

210 2719 347 2781 Eiusdem
370 2738 439 2799 pars
461 2721 522 2782 dira
544 2722 677 2800 quidem,
701 2723 754 2783 sed
779 2724 895 2800 cognita
918 2722 1013 2782 multis

210 2803 247 2865 Et
269 2822 352 2883 quam
374 2805 472 2864 votiva
496 2815 635 2866 testantur
657 2807 722 2867 iana
745 2806 855 2867 tabella

210 2889 349 2957 Plurima;
372 2890 501 2967 pictores
524 2890 588 2968 quis
610 2891 703 2950 nescit
725 2889 761 2948 ab
784 2888 861 2949 lside
884 2887 987 2968 pasci?

211 2972 326 3033 Accidit
350 2981 379 3031 et
399 2981 501 3032 nostro
525 2974 625 3033 similis
650 2973 762 3033 fortuna
785 2971 910 3033 Catullo.

210 3055 302 3128 Quum
324 3056 427 3133 plenus
450 3055 537 3116 lluctu
558 3056 669 3117 medius
687 3056 765 3116 ieret
785 3056 886 3116 alveus
909 3057 1025 3134 etiarn,

210 3137 359 3199 Alternum
384 3141 488 3217 puppis
512 3139 586 3199 latus
613 3139 810 3199 evertentibus
835 3138 918 3200 undis

211 3221 333 3281 Arboris
356 3223 500 3299 incertae,
523 3222 628 3282 nullam
652 3222 803 3301 prudentia
825 3224 889 3283 cani

210 3304 344 3364 Rectoris
366 3305 514 3365 conferret
536 3322 637 3384 opem,
662 3305 800 3366 decidere
822 3307 898 3366 iactu

210 3386 316 3466 Coepit
339 3406 402 3447 eum
424 3391 534 3464 ventis,
558 3390 681 3449 imitatus
705 3398 837 3464 castora,
865 3390 970 3469 quise

210 3469 377 3530 Eunuchum
400 3471 463 3549 ipse
486 3472 571 3548 lacit,
599 3473 718 3550 cupiens
742 3473 868 3533 evadere
891 3472 993 3533 damno
