2626 4006
217 216 257 274 70
556 223 592 271 n.
612 225 683 272 tum.
706 224 891 272 ruvnuunts

216 366 355 441 Coneris,
378 366 454 424 iacet
477 364 599 440 exiguus
623 381 686 422 cum
707 363 813 423 ramice
833 380 940 422 nervus
1012 395 1014 398 -
1150 376 1203 430 205

215 451 268 525 llt,
297 451 427 527 quamvis
450 456 511 508 tota
532 447 667 526 palpetur
690 456 792 522 nocte,
819 444 935 507 iacebit.

216 535 300 594 Anne
321 532 429 611 aliquid
449 549 571 611 sperare
594 539 692 611 potest
713 531 787 591 haec
809 531 932 608 inguinis
954 532 1035 608 aegri

217 614 363 680 Canities?
392 616 460 696 quid
484 614 563 694 quod
585 616 687 674 morito
710 623 847 692 suspecta
867 613 957 676 libido
980 623 1036 690 est,

217 702 298 776 Quae
320 700 466 760 Venerem
490 699 608 758 affectat
629 699 691 757 sine
715 694 845 758 virihusi
862 695 970 776 Aspice
992 699 1084 776 partis

216 785 297 848 Nunc
321 785 453 844 damnum
473 782 609 851 alterius;
633 800 697 842 nam
720 800 794 861 qnae
817 790 949 844 cantante
974 781 1121 860 voluptas,
1151 794 1204 847 210

216 872 260 932 Sit
282 869 353 929 licet
374 867 512 942 eximius,
532 866 720 942 citharoedo,
744 867 819 924 sitve
840 865 995 941 Seleucus,

216 954 253 1014 lit
275 951 379 1032 quihus
400 959 498 1011 aurata
518 967 581 1010 mos
604 958 650 1009 est
672 949 787 1027 fulgere
809 947 948 1009 lacerna?

217 1036 291 1113 Quid
313 1035 420 1110 refert,
443 1034 538 1110 magni
560 1033 662 1092 sedeat
684 1052 740 1113 qua
763 1042 846 1112 parte
872 1033 987 1109 theatri,

217 1121 272 1196 Qui
295 1120 344 1178 vix
368 1118 532 1180 cornicines
555 1116 690 1176 exaudiet
714 1126 800 1198 atque
827 1116 958 1176 tubarum

217 1198 405 1263 concentus?
429 1200 558 1261 clamore
582 1217 656 1279 opus
679 1209 741 1278 est,
766 1209 795 1259 ut
818 1202 922 1261 sentiat
943 1203 1030 1278 auris,
1152 1213 1203 1266 215

217 1287 310 1362 Quem
336 1286 413 1346 dicat
433 1285 551 1344 venisse
575 1302 664 1362 puer,
688 1293 759 1363 quot
779 1286 891 1344 nuntiet
912 1284 1010 1346 horas.

215 1372 373 1431 Praeterea
394 1368 523 1429 minimus
546 1367 644 1445 gelido
668 1369 724 1429 iarn
746 1385 872 1447 corpore
896 1371 1012 1446 sanguis

215 1454 311 1514 Fehre
336 1452 414 1514 calet
437 1452 515 1512 sola:
540 1452 707 1513 circumsilit
732 1454 845 1530 agmine
868 1452 946 1512 iacto

215 1537 382 1598 Morborum
407 1554 491 1596 omne
512 1554 619 1614 genus:
650 1553 771 1614 quorum
794 1537 819 1595 si
842 1538 957 1596 nomina
979 1555 1116 1616 quaeras,

215 1623 377 1700 Promptius
403 1620 572 1698 expediam,
596 1629 667 1700 quot
687 1620 825 1680 amaverit
847 1618 941 1699 Oppia
963 1620 1116 1696 moechos,
1150 1633 1204 1686 220

217 1706 295 1778 Quot
317 1704 473 1764 Themison
497 1721 605 1781 aegros
626 1712 758 1764 autumno
781 1703 924 1764 occiderit
950 1721 1016 1780 uno,

217 1791 294 1864 Quot
316 1787 429 1847 Basilus
451 1788 566 1863 socios,
591 1796 661 1866 quot
685 1789 945 1867 circumscripserit
966 1787 1066 1848 Hirrus

216 1871 360 1951 Pupillus,
385 1880 455 1951 quot
481 1870 567 1948 longa
594 1872 852 1932 viros‘exsorheat
879 1889 935 1931 uno

216 1955 314 2016 hlaura
337 1956 401 2031 die,
424 1963 495 2034 quot
518 1955 677 2034 discipulos
699 1956 817 2016 inclinet
841 1955 995 2022 Hamillus;

215 2042 385 2100 Percurram
408 2041 509 2116 citius,
537 2048 607 2117 quot
627 2039 711 2100 villas
737 2040 887 2117 possideat
908 2058 993 2114 nunc,
1150 2051 1201 2104 225
1304 2123 1305 2128 η

216 2124 281 2198 Quo
305 2124 443 2184 tondente
466 2124 563 2202 mauis
586 2124 682 2184 iuveni
705 2125 771 2184 mihi
795 2123 886 2185 harha
912 2123 1043 2184 sonabat.

216 2208 268 2268 llle
293 2209 430 2284 humero,
455 2208 502 2268 hic
524 2207 642 2284 lumbis,
671 2207 719 2268 hic
741 2225 815 2268 coxa
839 2207 958 2277 debilis;
984 2206 1086 2268 ambos

215 2292 342 2352 Perdidit
366 2292 416 2353 illc
439 2291 542 2351 oculos
565 2300 594 2350 et
616 2291 705 2351 luscis
728 2293 851 2360 invidet;
879 2292 963 2352 huius

216 2375 324 2436 l'allida
348 2374 431 2435 labra
451 2374 545 2436 cibum
567 2376 711 2454 accipiunt
733 2377 829 2453 digitis
853 2376 967 2452 alienis,

214 2460 282 2538 lpse
304 2459 340 2518 ad
366 2468 554 2537 conspectum
577 2475 688 2519 coenae
711 2460 851 2520 diducere
872 2461 975 2520 rictum
1149 2471 1202 2524 230

215 2544 320 2604 Suetus
344 2542 404 2602 hiat
428 2551 552 2617 tentum,
577 2561 630 2602 eeu
653 2544 749 2621 pullus
773 2544 946 2619 hirundinis,
970 2542 1006 2603 ad
1029 2561 1115 2622 quern

215 2625 273 2686 Ore
293 2625 373 2685 volat
399 2626 487 2704 pleno
510 2636 600 2685 mater
625 2627 729 2688 ieiuna.
766 2628 826 2688 Sed
848 2629 923 2688 omni

214 2708 408 2770 llembrorum
429 2709 531 2770 damno
553 2710 645 2771 maior
669 2712 829 2786 dementia,
855 2729 930 2790 quae
949 2729 1004 2770 neo

214 2793 336 2854 Nomina
361 2810 511 2854 serrorum
533 2812 589 2854 nec
610 2796 717 2856 vultum
741 2797 873 2873 agnoscit
891 2796 985 2870 amici,

215 2876 286 2938 Cum
307 2895 364 2958 quo
388 2880 545 2957 praeterita
568 2882 702 2940 coenavit
725 2889 828 2955 nocte,
852 2897 908 2939 nec
929 2878 1008 2954 illos,

215 2961 295 3035 Quos
318 2964 432 3040 genuit,
457 2979 531 3042 qnos
554 2963 661 3023 eduxit.
695 2962 767 3024 Nam
790 2963 893 3023 codice
916 2978 1006 3023 saevo

213 3045 344 3106 Heredes
365 3056 443 3106 vetat
466 3064 533 3106 esse
557 3064 643 3121 suos,
666 3047 743 3108 hona
765 3057 824 3107 tota
847 3047 977 3106 feruntur

212 3128 259 3189 Ad
284 3130 417 3198 Phialen;
445 3139 549 3189 tantum
572 3131 690 3190 artilicis
713 3131 790 3191 valet
811 3130 916 3191 halitus
938 3131 1016 3205 oris,

212 3213 299 3286 Quod
324 3222 445 3274 steterat
463 3213 558 3274 multis
582 3214 610 3272 in
633 3232 753 3274 earcere
775 3213 896 3274 iornicis
919 3213 1008 3274 annis.

214 3295 251 3356 Ut
271 3299 389 3375 vigeant
415 3315 519 3356 sensus
545 3299 646 3373 animi,
676 3299 807 3358 ducenda
831 3298 1004 3358 tamensint

212 3380 327 3440 Funera
350 3390 497 3454 natorum,
520 3398 610 3457 rogus
632 3381 816 3459 aspiciendus
842 3391 953 3441 amatae

214 3461 353 3539 Coniugis
376 3473 405 3522 et
427 3462 524 3522 fratris
551 3463 715 3543 plenaeque
739 3465 891 3524 sororibus
917 3482 1016 3525 urnae.
