2626 4006
470 243 652 293 subulcum
674 245 810 294 SA'HRA.

146 401 196 460 Sic
212 398 311 458 itidem
326 398 455 460 Romana
471 417 586 476 manus,
603 401 782 461 contendere
804 411 957 482 postquam

144 483 264 543 Destitit
281 491 310 542 et
325 500 428 561 pacem
451 483 546 560 longis
561 483 686 544 frenavit
700 483 837 562 habenis,

145 567 212 645 lpsa
228 566 304 626 domi
322 567 407 644 leges
425 574 455 625 et
470 566 555 628 Graia
569 569 685 629 inventa
699 576 861 629 retractans

146 649 248 709 Omnia
264 649 409 711 bellorum
423 659 501 710 terra
518 652 649 729 quaesita
662 653 792 730 marique
1098 665 1135 720 bt

146 732 276 793 Praemia
293 733 416 794 consilio
433 742 463 793 et
478 735 558 794 molli
575 737 688 795 ratione
702 735 836 813 regebat.

145 816 246 877 Stabat
261 818 289 876 iu
306 817 367 886 bis;
388 835 484 896 neque
499 820 574 878 enim
590 827 707 897 poterat
722 827 858 880 constare
873 820 937 880 sine
952 822 1039 900 ipsis,

145 899 205 959 Aut
222 900 329 961 frustra
344 903 429 961 uxori
447 902 630 980 mendaxque
648 903 796 981 Diespiter
813 903 896 963 olim:

144 983 312 1062 imperium
326 987 392 1045 siue
408 985 470 1064 flue
489 986 573 1063 deut,
590 986 698 1046 dixisse
714 986 864 1064 probatur.

146 1066 229 1126 Nunc
244 1067 331 1144 igitur
347 1069 395 1148 qui
410 1087 460 1127 res
474 1068 619 1130 Romanas
635 1071 757 1148 imperat
777 1070 870 1146 inter,

143 1149 209 1208 Non
225 1150 309 1210 trabe
325 1151 377 1211 sed
393 1161 477 1229 tergo
494 1151 649 1231 prolapsus
667 1162 696 1213 et
711 1153 839 1230 ingluvie
853 1153 953 1230 albus,

142 1232 181 1292 Et
196 1234 289 1294 studia
305 1243 335 1293 et
350 1236 467 1313 sapiens
483 1235 627 1295 bominum
640 1251 806 1315 nomenque
821 1255 974 1316 genusque

144 1315 246 1376 Omnia
263 1316 344 1378 abire
361 1318 442 1378 foras
456 1327 543 1396 atque
558 1319 630 1380 urbe
648 1321 796 1380 excedere
812 1321 904 1380 iussit.

144 1399 380 1481 Quid-iacimus?
411 1401 514 1464 Graios
529 1401 732 1482 hominumque
747 1402 915 1481 reliquimus
931 1403 1034 1482 nrbes,

96 1500 99 1505 ·
145 1483 183 1543 Ut
198 1483 328 1546 Romana
343 1485 422 1544 foret
436 1486 528 1562 magis
546 1486 590 1545 bis
606 1488 745 1546 instructa
760 1489 920 1564 magistris;

50 1560 78 1578 ⁸
142 1566 243 1642 Nunc,
261 1564 425 1646 Capitolino
441 1569 532 1628 veluti
548 1569 681 1629 turbante
698 1567 821 1631 Camillo

142 1649 270 1710 Ensibus
287 1661 316 1711 et
333 1653 438 1712 trutina
455 1651 529 1712 Galli
543 1652 648 1730 ingere
669 1653 789 1729 relicta,

143 1734 193 1794 Sic
208 1735 300 1793 nostri
316 1735 417 1813 palare
433 1754 521 1795 senes
536 1736 669 1797 dicuntur
685 1747 714 1796 et
730 1738 785 1815 ipsi

142 1816 181 1876 Ut
197 1817 290 1878 ierale
308 1835 378 1878 suos
394 1836 467 1879 onus
483 1821 646 1899 exstirpare
664 1820 791 1881 libellos.

142 1899 224 1977 Ergo
240 1900 428 1962 Numantinus
445 1901 628 1982 Libycusque
649 1905 757 1964 erravit
773 1907 802 1964 in
823 1908 878 1965 isto

142 1985 262 2063 Scipio,
280 1988 328 2063 qui
343 1985 458 2046 Rhodio
475 1988 567 2045 crevit
584 1988 727 2048 formante
742 1990 897 2066 magistro,

144 2065 252 2127 Cetera
268 2078 297 2128 et
313 2069 362 2129 illa
375 2087 475 2130 manus
491 2068 571 2129 bello
587 2069 712 2131 facunda
730 2072 876 2148 secundo,

143 2150 226 2224 Quos
244 2153 318 2212 iuter
334 2154 424 2231 prisci
439 2155 583 2214 sententia
600 2154 647 2214 dia
664 2151 782 2214 Catonis

142 2235 227 2296 Scire
245 2237 320 2297 adeo
336 2237 431 2314 magni
448 2237 586 2311 iecisset,
603 2247 735 2298 utrumne
749 2239 884 2298 secundis

142 2319 189 2378 An
208 2323 300 2397 magis
317 2321 449 2382 adversis
464 2328 555 2380 staret
569 2320 698 2381 Romana
714 2319 869 2401 propago?

142 2403 265 2464 Scilicet
282 2404 432 2464 adversis:
454 2421 520 2463 uam
538 2422 624 2482 quum
642 2405 794 2466 defendier
815 2407 901 2466 armis

142 2486 254 2548 Suadet
267 2504 348 2547 amor
363 2488 474 2566 patriae
497 2498 526 2549 et
545 2490 659 2568 captiva
680 2489 833 2569 penatibus
847 2507 937 2566 uxor,

142 2569 305 2648 Convenit,
324 2580 356 2630 ut
370 2573 487 2651 vespis,
505 2590 625 2651 quarum
641 2574 743 2634 domus
757 2591 827 2634 arce
842 2571 995 2649 blonetae,

144 2654 243 2715 'l'urba
258 2655 358 2732 rigens
376 2657 484 2715 strictis
500 2674 555 2735 per
569 2657 649 2718 lutea
671 2675 796 2736 corpora
812 2657 894 2729 telis;

143 2737 198 2796 Ast
213 2738 262 2798 nbi
278 2757 349 2817 spes
369 2757 473 2799 secura
488 2740 580 2815 redit,
601 2740 691 2802 oblita
709 2741 841 2802 favorum

143 2820 232 2881 Plebs
246 2830 397 2901 materque
412 2840 468 2883 una
484 2839 585 2882 somno
603 2826 761 2883 moriuntur
777 2823 879 2883 obeso.

144 2903 361 2965 Romulidarum
377 2907 464 2983 igitur
479 2906 567 2983 longa
583 2916 612 2967 et
627 2908 725 2984 gravis
742 2907 859 2967 exitium
872 2924 940 2983 pax.

186 2987 251 3048 Hoc
267 2988 376 3049 labella
391 2988 477 3049 modo
494 3008 613 3069 pausam
627 2991 705 3051 iacit.
740 2987 869 3069 Optima,
887 2989 1025 3067 posthac,

143 3070 242 3147 illusa,
258 3073 346 3133 velim
364 3091 500 3149 moneas,
518 3075 581 3133 sine
598 3092 654 3152 qua
669 3073 737 3133 milri
752 3072 830 3133 nulla
845 3072 982 3152 voluptas

143 3154 270 3233 Vivere,
289 3159 329 3216 nti
345 3156 488 3235 quondam
502 3156 615 3234 Lydus,
631 3158 697 3218 dum
713 3158 833 3233 Smyrna
848 3155 977 3235 peribat,

144 3237 227 3299 Nunc
242 3240 340 3299 itidem
356 3242 482 3318 migrare
500 3240 592 3309 velis:
615 3241 664 3300 vel
681 3242 806 3320 denique
829 3240 941 3318 quidvis

144 3321 182 3381 Ut
198 3321 252 3382 dea
268 3340 377 3401 quaere
394 3324 489 3392 aliud;
513 3333 621 3384 tautum
637 3324 766 3386 Romana
782 3322 892 3384 Caleno

143 3403 260 3465 bloenia
276 3407 418 3467 iucundos
433 3409 600 3487 pariterque
617 3418 716 3469 averte
733 3407 866 3468 Sabinos.

144 3485 224 3549 llaec
241 3506 312 3567 ego;
337 3499 395 3550 tum
410 3493 510 3569 paucis
523 3491 577 3553 dea
592 3510 638 3552 me
656 3492 802 3571 dignarier
818 3491 892 3550 iniit:
