2600 4006
195 207 235 268 30
409 237 412 242 -
539 218 574 264 n.
600 217 669 290 run.
692 217 879 264 ruvnunms
979 263 982 270 ,

195 356 391 419 chironomon
412 355 517 416 hedam
537 355 618 417 molli
640 355 763 416 saltante
786 356 931 432 Bathyllo,
998 430 1000 436 Ι

115 466 118 472 ·
194 443 302 503 Tuccia
326 443 423 502 vesi·
467 456 524 500 uon
544 441 682 518 imperat;
706 439 821 518 Appula
844 443 952 518 gannit,

194 529 275 587 Siout
294 528 323 585 in
346 524 497 603 amplexu,
524 523 655 584 suhidum
675 533 704 582 et
726 524 906 593 miserabile;
930 525 1048 603 longum
1151 535 1187 594 ⁶5

194 610 324 670 Attendit
347 607 505 684 Thymele3
529 606 669 686 Thymele
692 618 759 667 tuno
781 610 888 669 rustica
912 609 1006 670 discit.

193 694 247 754 nst
271 694 364 769 aliae,
389 693 503 771 quoties
526 692 628 753 aulaea
650 692 802 752 recondita
826 703 953 770 cessant,

84 777 88 784 '
192 778 230 840 Et
253 794 347 838 vacuo
371 777 531 854 clausoque
554 785 657 836 sonant
681 776 746 836 lora
768 776 833 836 sola
854 777 979 854 theatro,

192 863 290 942 Atque
313 880 329 922 a
349 859 479 922 Plebeiis
501 859 590 937 longe
612 843 791 948 Megalesia,
816 862 915 921 tristes

192 948 349 1007 Personam
370 945 557 1023 thyrsumque
583 953 682 1015 tenent
706 952 735 1004 et
756 939 888 1022 subligar
911 946 1003 1006 Acci.
1150 952 1187 1010 io

121 1080 125 1088 .
192 1030 317 1092 Urbicus
341 1030 447 1089 exodio
472 1029 560 1087 risum
582 1036 680 1088 movet
704 1027 858 1089 Atellanae

193 1113 328 1176 (iestihus
352 1112 518 1172 Autonoes:
541 1112 617 1172 hunc
641 1111 734 1188 diligit
757 1113 842 1172 Aelia
865 1131 987 1192 pauper

122 1239 125 1246 ·
192 1197 321 1258 Solvitur
341 1196 387 1256 his
409 1213 513 1274 magno
535 1197 668 1256 comoedi
691 1195 794 1265 libula;
814 1206 880 1256 sunt
902 1215 977 1276 quae

193 1280 416 1359 Chrysogonum
439 1289 555 1340 cantare
575 1289 688 1347 vetent;
713 1279 845 1357 Hispulla
867 1282 1008 1358 tragoedo

193 1365 321 1427 Gaudet:
350 1383 385 1425 an
408 1374 582 1443 exspectas,
604 1373 634 1424 ut
656 1363 863 1436 Quintilianus·
871 1364 1003 1424 amaturi
1072 1425 1075 1430 ⁴
1148 1375 1186 1430 '15

118 1453 121 1461 '
192 1450 312 1528 Accipis
335 1465 473 1524 uxorem,
498 1449 534 1509 de
559 1466 624 1526 qua
640 1447 825 1508 citharoedus
848 1446 961 1508 Echion
1022 1511 1024 1516 ,

191 1534 249 1594 Aut
272 1531 436 1612 Glaphyrus
457 1533 506 1593 liat
528 1541 612 1611 pater
634 1531 865 1622 Ambrosiusque
888 1533 1053 1595 choraules

193 1617 290 1695 Longa
313 1635 367 1696 per
389 1625 529 1693 angustos
552 1617 673 1700 ligamus
689 1610 804 1694 pulpita
826 1617 921 1693 vicos,

192 1702 336 1763 Ornentur
360 1711 461 1779 postes
487 1710 517 1760 et
538 1693 671 1777 grarmi
662 1718 746 1761 ranua
766 1700 887 1777 lauro,¹
962 1742 969 1751 ι

192 1785 229 1848 Ut
245 1785 411 1846 testudineo
435 1783 503 1859 tihi,
528 1783 668 1858 Lentule,
693 1800 829 1862 conopeo
1145 1795 1186 1853 ω

190 1869 305 1930 Nobilis
328 1866 485 1943 Euryalum
508 1867 709 1927 mirmillonem
732 1869 876 1946 exprimat
901 1869 1004 1929 inians.

191 1953 285 2032 Nupta
316 1954 444 2012 senatori
468 1953 601 2012 comitata
624 1961 668 2010 ost
691 1950 785 2031 Eppia
809 1952 916 2012 ludium

68 2053 71 2057 ·
191 2038 236 2098 Ad
260 2035 374 2098 Pharon
398 2045 427 2096 et
448 2035 544 2096 Nilum
567 2036 736 2114 famosaque
760 2037 874 2096 moenia
896 2035 979 2114 Lagi,

182 2122 325 2200 ⁴Prodigia
349 2129 378 2180 et
400 2137 497 2180 mores
523 2120 603 2179 urbis
626 2121 778 2180 damnante
802 2117 934 2199 Canopo.

190 2205 343 2265 immemor
364 2203 414 2265 illa
438 2204 538 2264 domus
562 2212 591 2264 et
615 2206 745 2281 coniugis
768 2212 855 2281 atque
878 2206 989 2265 sororis
1148 2213 1186 2270 85

191 2289 238 2350 Nil
261 2289 372 2367 patriae
394 2287 528 2362 indulsit,
552 2287 762 2365 plorantesque
785 2288 916 2365 improha
937 2299 1032 2366 natos,

190 2374 287 2452 thue
310 2374 403 2449 magis
425 2381 558 2449 stupeas,
581 2371 667 2431 ludos
689 2371 879 2450 Paridemque
900 2373 1028 2452 reliquit.

192 2457 251 2518 Sed
275 2473 446 2534 quamquam
467 2456 496 2515 in
517 2457 627 2531 magnis
651 2453 756 2532 opibus
778 2455 932 2534 plumaque
955 2465 1075 2536 paterna

191 2541 229 2600 Et
251 2541 438 2617 segmentatis
461 2539 619 2600 dormisset
634 2539 755 2617 parvula
776 2540 868 2615 cunis,

192 2620 521 2702 Contempsitpelagus;
536 2623 640 2682 lamam
663 2633 878 2701 contempserat
901 2624 987 2700 olim,
1149 2631 1185 2688 90
1296 2699 1297 2702 ¹

193 2706 281 2767 Guius
304 2707 380 2785 apud
402 2705 507 2766 molles
527 2708 640 2767 minima
664 2716 708 2767 est
730 2709 838 2768 iactura
863 2707 1026 2767 cathedras.
1296 2707 1297 2737 .

191 2790 360 2867 Tyrrhenos
383 2783 470 2866 igitur
493 2791 596 2852 lluotus
617 2790 736 2869 lateque
760 2800 911 2851 sonantem
1006 2851 1009 2856 ⁴

184 2875 312 2955 Pertulit
335 2873 442 2935 lonium
467 2877 609 2935 constanti
631 2885 772 2953 pectore,
796 2876 925 2953 quamvis
1002 2943 1006 2948 Ι
1105 2868 1108 2874 ’

191 2960 355 3021 Notandum
375 2961 463 3019 toties
486 2968 566 3020 esset
587 2976 676 3019 mare.
721 2958 798 3018 lusta
820 2958 925 3036 pericli

191 3045 222 3105 Si
246 3045 319 3104 ratio
343 3052 388 3104 est
410 3052 438 3103 et
459 3044 595 3119 honesta,
621 3044 720 3102 timent
741 3043 905 3121 pavidoque
927 3042 1059 3120 gelantur
1148 3049 1184 3106 95

192 3128 333 3204 Pectore,
358 3146 414 3189 nec
435 3123 570 3188 tremulis
588 3136 710 3205 possunt
726 3127 867 3186 insistere
889 3127 1012 3204 plantis:

192 3211 309 3272 Fortem
332 3215 454 3273 animum
477 3219 625 3290 praestant
646 3210 750 3287 rebus,
774 3228 846 3288 quas
868 3212 991 3289 turpiter
1015 3200 1181 3270 audent

192 3297 223 3356 Si
247 3296 344 3357 iubeat
358 3297 494 3372 coniunx,
513 3295 614 3356 dururn
636 3304 681 3355 est
696 3295 898 3355 conscendere
920 3311 1037 3362 navem;

193 3380 273 3441 Tunc
294 3381 405 3439 sentina
427 3380 542 3456 gravis,
565 3389 631 3439 trrnc
654 3397 779 3438 summus
800 3379 921 3439 vertitur
943 3396 1010 3439 aer.

94 3475 96 3480 ·
129 3517 132 3522 .
193 3462 274 3537 Quae
292 3463 445 3522 moechum
464 3464 610 3542 sequitur,
634 3462 782 3523 stomacho
800 3462 958 3530 valetsilla
977 3461 1105 3522 maritum
1127 3469 1182 3528 ιω
