2600 4006
227 252 275 294 xx
400 248 405 255 ·
611 223 818 298 auauuauro.

223 406 280 447 sum
289 360 396 460 metuat,
408 407 439 449 an
450 393 474 448 id
487 391 668 449 fundamentum
678 393 768 466 eligat,
787 392 856 450 cuius
865 391 938 446 etiam
948 390 1098 462 corruptelae
1108 406 1200 448 meram

224 475 390 548 antiquitatem
399 477 499 548 sapiant,
510 491 556 532 nec
566 491 666 534 numero
677 477 773 532 illcmm
782 491 828 532 nec
837 475 937 530 blandae
947 475 1037 545 speciei
1046 475 1147 532 concedi
1157 477 1201 532 de·

223 559 272 623 het,
286 565 315 614 ut
324 559 441 632 singulari
453 559 524 616 huius
533 561 691 632 praestantiae
701 567 727 616 et
735 560 791 642 fidei
800 559 967 631 praeferatur„
986 559 1059 630 htqm
1069 574 1122 614 rara
1131 559 1201 616 lure·
1232 575 1238 586 ·

223 643 283 698 nelis
292 643 388 699 iomuua
401 644 493 701 lactum
510 651 559 709 est,
578 645 637 700 atis
650 644 741 709 codex,
756 658 828 716 quem
843 643 922 698 solum
931 642 978 699 hac
988 642 1133 715 integritatis
1143 650 1202 700 nota

224 726 342 782 excellcre
351 728 416 796 dirui,
435 744 466 784 ex
476 728 581 784 Rudensi
591 729 705 784 Matthiae
715 728 811 790 domiui
826 725 972 782 bibliotheca
988 726 1098 782 sublatus
1106 733 1201 782 mature

223 811 248 865 in
258 810 323 866 Petri
332 810 425 867 Pitheci
440 828 526 868 manus
536 814 683 883 perueniret,
700 811 865 885 'qui-eiusdem
883 825 930 891 ope
946 809 1086 866 ineditioue
1096 810 1201 868 Parisino

224 899 291 952 1585
308 901 394 965 poetae
409 897 482 952 verba
498 897 531 951 ita
547 898 683 961 recensuit,
700 902 737 952 dtss
748 895 820 951 huius
841 881 988 950 recensionis
1007 894 1137 950 auotoritas
1157 910 1201 965 per

223 978 340 1033 ducentos
355 979 458 1050 amplius
475 994 550 1036 anuos
565 980 617 1036 lere
633 981 685 1035 sola
701 978 846 1034 in'lurcnale
861 985 974 1050 regnaret
989 973 1092 1049 cumque
1102 979 1201 1034 internis

223 1060 319 1116 dotibus
328 1063 401 1118 ctiam
411 1065 530 1135 vulgatae,
542 1079 603 1135 qrrae
612 1064 712 1128 dicitur,
724 1065 790 1119 velut
803 1063 1014 1133 praescriptionem
1027 1062 1200 1134 coniungeret:

223 1159 269 1200 nec
278 1145 358 1200 minus
371 1153 468 1218 gratum
477 1146 536 1207 Lu.
548 1147 655 1202 drameri
665 1149 787 1202 inuentum
797 1146 851 1214 fuit,
862 1147 904 1217 qui
913 1145 1043 1202 eorumdem
1053 1145 1201 1202 scholiorum

223 1229 343 1300 genuinae
362 1231 487 1286 uetustatis
497 1232 704 1287 commendatione
720 1228 902 1301 praestantium,
919 1245 1021 1302 quorum
1042 1236 1136 1300 partem
1152 1231 1200 1286 iam

224 1310 343 1385 Georgius
349 1314 415 1369 Valla
426 1316 596 1370 commentario
606 1332 651 1371 suo
661 1315 745 1370 Venet.
758 1319 825 1373 1486
836 1315 980 1378 inseruerat,
996 1314 1103 1384 pleniora
1120 1321 1200 1370 autem

223 1411 254 1452 ex
268 1411 313 1452 suo
324 1400 407 1453 codice
418 1398 532 1454 Pithoeus
547 1399 696 1468 subiecerat,
715 1400 837 1470 integmm
848 1398 970 1468 exemplar
986 1397 1084 1455 exbibl.
1098 1397 1200 1470 Sangal-

176 1539 177 1542 ,
221 1480 282 1536 lensi
293 1496 315 1539 a.
328 1487 397 1541 1823
406 1483 494 1546 edidit;
509 1484 572 1554 quod
583 1484 629 1538 uisi
639 1484 804 1554 intempestiua
816 1483 953 1538 criticomm
964 1480 1069 1546 sollertia
1080 1482 1125 1537 sub
1136 1482 1200 1538 idem

221 1570 317 1634 tempus
333 1581 407 1622 novas
422 1567 505 1622 turbas
521 1569 648 1634 meamet,
666 1569 715 1622 iam
729 1573 783 1622 tum
794 1573 861 1621 recta
877 1566 907 1621 ad
924 1565 1059 1621 Iuvenalem
1076 1567 1202 1623 emendate

221 1648 352 1720 legendum
362 1650 514 1721 uiapatebat.
542 1652 574 1706 nt
584 1652 648 1706 euim
659 1651 723 1723 quod
733 1666 805 1722 saepe
815 1666 853 1706 res
862 1649 925 1706 bene
935 1650 1077 1705 constitutas
1091 1656 1199 1705 euertere

221 1733 370 1802 experimur,
391 1741 418 1789 ut
434 1735 497 1790 mala
507 1735 632 1790 hominum
648 1735 776 1802 sedulitas,
793 1735 852 1790 dum
862 1735 934 1789 ctiam
945 1734 1056 1789 meliores
1068 1734 1147 1788 lacere
1157 1749 1200 1789 cu-

220 1816 289 1885 piens
299 1818 403 1872 remedia
413 1819 582 1890 circumspicit,
595 1820 647 1890 ipsa
655 1819 743 1874 borum
753 1819 777 1872 ui
788 1819 903 1874 obmatur
913 1824 938 1873 et
948 1818 1045 1889 caliget,
1056 1818 1081 1872 in
1089 1817 1201 1872 Iuvenale

221 1915 316 1971 quoquc
327 1901 430 1966 accidit3
447 1904 516 1959 cuius
527 1909 650 1977 quumtot
660 1902 755 1958 codices
765 1903 875 1974 quotvis
886 1901 959 1958 ullius
969 1902 1066 1957 altemm
1076 1901 1200 1972 scriptoris

220 1999 246 2038 au
262 1983 414 2041 bibliothecis
433 1995 571 2051 seruentur,
590 1987 677 2043 horum
693 1987 838 2042 lectionibus
848 1985 992 2058 colligendis
1002 1984 1200 2057 conserendisque

220 2067 363 2138 Rupertius,
375 2070 533 2140 denanarius,
543 2070 708 2135 Heimichius,
721 2071 779 2126 dum
789 2070 908 2140 corruptis
920 2070 981 2124 locis
989 2069 1107 2133 medelam
1118 2083 1201 2138 parare

219 2153 266 2208 sihi
275 2153 423 2221 videbantur,
433 2155 498 2212 haud
506 2171 561 2212 raro
571 2161 596 2210 et
605 2156 651 2226 ipsi
661 2171 732 2210 sanos
742 2160 900 2227 corruperunt
907 2159 932 2208 et
942 2153 994 2208 aliis
1005 2159 1115 2208 auctores
1125 2152 1200 2208 custi-

221 2245 316 2303 temnt,
329 2246 357 2294 ut
376 2246 418 2294 aut
428 2255 528 2295 numero
539 2240 638 2295 testium
649 2246 691 2295 aut
701 2255 746 2294 suo
760 2239 918 2310 qualicunque
928 2236 1017 2292 iudicio
1027 2237 1083 2291 freti
1103 2251 1147 2307 pro
1163 2239 1200 2291 iu·

220 2329 290 2392 tegra
306 2329 393 2393 poetae
410 2324 517 2379 oratione
534 2338 587 2379 mm
603 2323 765 2388 venditarent,
783 2337 854 2393 φιιιιι
870 2336 901 2375 ex
916 2319 1041 2374 temeraria
1056 2319 1131 2374 medii
1148 2319 1200 2375 aeri

220 2405 404 2476 interpolatione
416 2406 521 2461 deterius
531 2407 646 2462 librcmm
656 2420 734 2477 genus
745 2418 876 2475 occupasse
886 2403 1002 2466 vidimus:
1014 2418 1200 2476 quemquamne

219 2489 267 2544 hoc
278 2490 375 2560 quidem
386 2490 411 2544 in
422 2503 513 2560 genere
524 2489 556 2544 ita
566 2489 613 2545 sibi
626 2489 798 2553 constiterunt,
810 2495 852 2556 ut,
863 2487 927 2559 quod
939 2487 1041 2560 aliquem
1052 2494 1118 2543 certe
1128 2502 1199 2542 usum

219 2572 380 2642 praebuisset,
400 2589 431 2626 cx
441 2587 531 2644 magna
542 2573 687 2629 deteriomm
696 2573 828 2628 lectionum
839 2571 909 2642 copia
919 2587 972 2628 eam
982 2572 1136 2642 potissimum
1147 2586 1199 2625 ver-

218 2657 305 2712 bomm
316 2657 531 2712 conformationem
542 2657 680 2722 efficerent,
696 2671 757 2728 quae
768 2657 916 2727 ccmuptelae
933 2662 1007 2727 caput
1018 2661 1042 2710 ct
1053 2655 1107 2712 fons
1117 2654 1199 2710 haberi

218 2746 315 2810 posset,
332 2740 375 2794 scd
391 2754 439 2811 quo
457 2741 555 2812 propius
573 2757 600 2796 se
617 2742 711 2797 illamm
731 2756 777 2812 ope
787 2741 816 2796 ad
832 2742 883 2812 ipsa
900 2747 986 2812 poetae
1002 2739 1074 2795 verba
1084 2738 1200 2794 accedere

217 2823 352 2892 sperabant,
364 2838 394 2879 eo
405 2823 523 2880 minorem
532 2841 603 2881 verae
613 2827 762 2896 ccmuptelae
771 2826 932 2897 suspicionem
943 2823 1093 2881 adhibebant.
1111 2821 1200 2877 Fausto

218 2907 294 2978 igitm
310 2923 368 2962 casu
384 2909 495 2981 contigit,
506 2916 534 2964 ut
546 2909 629 2966 Othoni
639 2910 728 2974 labuio,
740 2925 812 2983 quem
823 2911 871 2965 iam
882 2911 907 2965 iu
917 2908 992 2964 Persii
1005 2907 1109 2963 editione
1118 2921 1200 2961 veram

218 2991 330 3047 codicum
337 2991 563 3050 conditionemsauo
573 2995 662 3051 iudicio
669 2995 817 3050 existimasse
827 2994 884 3061 dixi,
892 2994 1011 3064 insperata
1021 2991 1096 3062 ipsius
1102 2989 1200 3045 Pithoe-

217 3075 256 3129 ani
266 3075 296 3129 ab
307 3076 403 3148 integro
420 3079 573 3148 comparandi
584 3079 679 3135 occasio
697 3078 834 3142 offerretur;
845 3091 917 3149 quem
926 3091 1002 3147 quum
1012 3075 1085 3130 etiam
1095 3088 1118 3128 a.
1131 3076 1198 3131 1847

217 3167 338 3230 tamquam
354 3161 469 3217 amissum
486 3161 660 3234 deplorasscm,
679 3178 737 3218 ιιιοιι
759 3162 823 3217 felici
839 3160 944 3215 Duhncri
966 3159 1081 3215 industria
1096 3158 1122 3212 in
1138 3156 1198 3212 bibl.

217 3243 424 3314 llontepossulana
441 3245 582 3318 indagatum
598 3248 723 3317 doctisque
741 3246 824 3301 usibus
846 3244 965 3299 redditum
983 3257 1036 3300 esse
1048 3247 1200 3312 compertum

208 3334 268 3390 estc
278 3327 397 3401 huiusque
406 3330 513 3386 subsidio
523 3331 573 3386 iam
582 3332 616 3386 ita
626 3329 778 3385 emendatum
789 3328 925 3384 Iuvenalem
935 3327 1017 3383 lahnio
1035 3325 1158 3390 dehemus,
1171 3329 1200 3379 ut

216 3410 307 3468 nullam
317 3429 433 3485 umquam
443 3414 571 3470 editionem
589 3421 675 3483 poetae
686 3427 784 3468 manum
794 3412 889 3468 felicius
899 3411 1045 3482 expressisse
1055 3415 1148 3465 eertum
1158 3408 1199 3472 sit,

216 3511 262 3551 nec
277 3498 298 3553 si
309 3498 362 3569 quis
378 3499 402 3552 iu
420 3497 524 3570 singulis
540 3498 639 3568 longius
654 3496 752 3567 procedi
763 3511 835 3566 posse
850 3503 933 3567 putot,
951 3496 1020 3552 aliter
1035 3494 1084 3550 hoc
1095 3489 1199 3566 aggredi

216 3581 301 3649 bccal,
312 3595 385 3653 quam
402 3587 428 3636 ut
443 3581 510 3636 illum
528 3581 552 3635 iu
573 3581 625 3651 ipsa
640 3579 765 3635 Pithoeani
781 3580 885 3636 lectione
904 3580 943 3635 vel
963 3576 1140 3648 interpretanda
1160 3574 1200 3632 rel
