2626 4006
213 231 254 292 96
525 241 559 286 1).
583 239 654 286 rou.
674 239 861 286 ruvuunnrs

212 383 294 443 Unde
320 379 445 455 habeas,
468 379 581 456 quaerit
602 395 703 448 nemo,
727 377 780 437 scd
803 387 920 456 oportet
943 377 1069 440 habere:

212 466 276 526 lloc
297 471 456 524 monstrant
478 461 596 521 vetulae
619 463 718 539 pueris
742 460 910 540 repentibus
934 479 1030 540 assae,

212 549 275 610 lloo
299 549 412 609 discunt
436 564 536 606 omnes
559 554 625 605 auto
649 545 735 624 alpha
759 554 788 605 et
810 545 877 604 beta
900 545 1027 624 puellae.
1042 578 1085 592 -

211 633 330 695 Talibus
352 633 503 691 instantem
524 630 638 689 monitis
665 647 875 707 quemcumque
899 640 1049 708 parentem
1079 651 1081 656 ’
1147 645 1200 698 210

212 719 261 778 Sic
284 734 402 795 possem
425 715 522 774 affari:
548 713 619 788 Dic,
643 730 660 773 o
684 714 855 790 vanissime,
883 714 946 791 quis
972 723 1001 774 te

210 801 362 863 Festinarc
386 795 485 858 iubati
510 796 660 856 meliorem
686 807 804 875 praesto
827 799 967 874 magistro

211 884 401 963 lliscipulum.
442 883 568 942 Securus
597 881 658 949 abi;
682 883 824 956 vinceris,
852 890 883 941 ut
903 881 978 941 Aiax

211 969 363 1030 Praeteriit
388 966 591 1042 Telamonem,
614 975 645 1025 ut
666 965 754 1027 Pelea
775 966 846 1026 uicit
867 965 1011 1026 Achilles.

211 1053 389 1113 Parcendum
411 1060 457 1110 est
479 1051 603 1110 teneris:
631 1050 754 1110 nondum
778 1049 939 1128 implevere
961 1050 1102 1112 medullas
1148 1063 1199 1116 215

211 1136 339 1196 lllaturae
365 1135 440 1195 mala
466 1135 627 1213 nequitiae;
651 1143 695 1192 ast
718 1153 804 1213 quum
825 1143 948 1213 pectere
970 1133 1089 1196 barbam
1188 1132 1191 1136 ’

212 1219 353 1298 Coeperit
374 1228 403 1278 et
427 1218 506 1295 longi
527 1233 694 1276 mucronem
717 1218 867 1277 admittere
893 1219 986 1295 cultri,

211 1303 314 1364 Falsus
340 1304 395 1362 erit
416 1303 518 1376 testis,
543 1300 651 1361 vendet
673 1302 799 1379 periuria
822 1319 929 1361 summa

210 1387 325 1465 Exigua
347 1395 377 1446 et
400 1383 518 1446 Cereris
542 1393 663 1461 tangens
687 1402 823 1463 aramque
849 1383 1022 1465 pedemque.
1264 1449 1269 1458 ,

210 1471 324 1532 Elatum
349 1473 404 1530 iam
432 1469 519 1530 crede
545 1486 663 1544 nurum,
687 1470 712 1527 si
735 1468 830 1529 limina
852 1479 950 1530 vestra
1050 1529 1053 1534 ,
1146 1485 1199 1538 220

210 1555 361 1615 Mortifera
387 1573 450 1613 cum
475 1553 543 1613 dote
565 1552 656 1612 subit:
681 1551 784 1631 quibus
810 1552 860 1613 illa
884 1564 1033 1632 premetur

210 1640 266 1699 Per
288 1653 416 1699 somnum
439 1637 549 1714 digitis!
572 1654 637 1696 nam
659 1654 733 1715 quae
755 1646 892 1716 terraque
914 1641 1043 1718 marique

209 1722 396 1800 Adquireuda
417 1731 517 1800 putas,
539 1720 658 1780 brevior
682 1721 727 1780 via
752 1721 885 1780 conicrct
909 1722 961 1783 illi.

212 1805 314 1870 Nullus
341 1807 415 1865 euim
440 1805 535 1881 magni
558 1803 682 1864 sceleris
706 1803 799 1864 labor.
833 1804 913 1866 llaec
938 1824 995 1884 ego
1018 1826 1171 1888 numquam

209 1889 359 1965 illaudati,
385 1889 467 1949 dices
495 1888 579 1963 olim,
603 1907 659 1948 nec
684 1887 751 1948 talia
779 1891 871 1958 suasi;
1145 1903 1197 1956 225
1309 1911 1310 1926 ¹

209 1973 315 2034 blentis
340 1990 425 2034 causa
448 1972 541 2032 malae
565 1980 660 2032 tamen
684 1981 730 2032 est
752 1981 782 2032 et
803 1973 887 2052 origo
909 1991 1002 2052 penes
1023 1984 1063 2036 te.

209 2058 282 2119 llam
305 2057 434 2136 quisquis
458 2057 553 2134 magni
576 2074 681 2116 census
704 2058 857 2136 praecepit
880 2075 1026 2135 amorem,-

208 2142 246 2202 Et
272 2142 358 2201 laevo
383 2143 491 2200 monitu
515 2157 624 2220 pueros
650 2142 784 2218 producit
809 2159 923 2215 avaros,

211 2225 260 2306 [Et
282 2228 331 2303 qui
348 2240 402 2303 per
426 2225 543 2285 fraudes
566 2225 735 2304 patrimonia
760 2225 990 2306 conduplicare‚}

208 2310 265 2369 Dat
288 2309 454 2370 libertatem
475 2318 504 2369 et
524 2317 601 2368 totas
624 2308 742 2369 effundit
765 2308 893 2368 habenas
1144 2324 1197 2378 230
1263 2297 1266 2304 ⁴
1309 2361 1310 2370 ,

210 2391 380 2461 Curriculo;
407 2411 493 2471 quem
518 2395 542 2452 si
565 2411 708 2469 revoces,
738 2392 898 2453 subsistere
921 2396 1015 2455 nescit

208 2476 246 2537 Et
267 2486 297 2536 te
327 2485 494 2555 contempto
520 2478 630 2554 rapitur
654 2479 795 2555 metisque
819 2475 939 2536 relictis.

208 2559 301 2620 Nemo
328 2561 398 2620 satis
422 2560 513 2619 credit
536 2569 643 2619 tantum
665 2560 852 2639 delinquere,
877 2571 1011 2639 quantum
1031 2594 1040 2602 -

208 2643 377 2712 Permittas;
404 2644 478 2704 adeo
504 2643 653 2721 indulgent
677 2645 732 2704 sibi
757 2644 841 2704 latius
864 2644 930 2723 ipsi.

210 2726 303 2801 Quum
328 2727 401 2788 dicis
429 2729 526 2787 iuueni
551 2729 686 2804 stultum,
714 2729 769 2806 qui
785 2729 873 2789 donet
896 2730 1000 2806 amico,
1145 2742 1197 2796 235

210 2811 265 2885 Qui
289 2821 488 2890 paupertatem
510 2812 589 2872 levet
611 2811 782 2890 attollatque
805 2815 970 2893 propinqui,

208 2893 244 2955 Et
269 2896 398 2974 spoliare
420 2897 512 2957 doces
535 2906 564 2956 et
590 2896 830 2957 circumscribere
857 2907 887 2957 et
911 2898 986 2958 omni

209 2977 333 3040 Crimine
358 2981 471 3040 divitias
495 2978 665 3059 adquirere,
691 2998 810 3058 quarum
834 2999 915 3041 amor
936 2984 964 3041 iu
986 2989 1015 3040 te

209 3062 338 3136 Quantus
367 3074 429 3124 crat
451 3066 563 3142 patriae
581 3064 739 3126 Deciorum
761 3065 789 3123 in
810 3074 952 3142 pectore‚·
973 3073 1108 3145 quantum

207 3146 316 3207 Dilexit
340 3147 475 3222 Thebas,
500 3150 524 3207 si
547 3147 778 3224 Graecianum,
803 3147 998 3218 llleuoeceus;
1144 3160 1197 3214 24⁰

209 3228 239 3288 ln
269 3248 389 3309 quorum
414 3230 502 3291 sulcis
528 3230 663 3308 legiones
689 3231 821 3291 dentibus
843 3234 944 3310 anguis

210 3312 280 3373 Cum
303 3315 406 3392 clipeis
429 3324 584 3374 nascuntur
609 3325 638 3375 et
661 3315 777 3375 horrida
799 3314 877 3376 bella
904 3325 1061 3394 capessunt

207 3391 368 3474 Continuo,
393 3407 536 3476 tamquam
563 3408 591 3457 et
612 3399 729 3459 tubicen
748 3402 908 3460 surrexerit
931 3418 996 3459 una.

209 3478 288 3557 Ergo
313 3482 428 3558 ignem,
453 3482 533 3540 cuius
559 3482 701 3542 scintillas
729 3483 795 3560 ipsa
815 3484 931 3562 dedisti,
