2600 4006
507 199 631 248 saulus
653 201 690 248 11.

167 339 234 400 Non
253 339 317 400 tulit
339 357 378 400 ex
399 338 457 400 illis
478 346 591 398 torvum
612 336 734 398 Laronia
757 337 899 415 quendam

108 423 286 488 Clamantem
308 424 413 482 toties:
436 420 485 481 ubi
506 439 582 482 nunc
602 420 652 480 lex
673 417 766 482 Iulia?
789 417 918 481 dormis?

107 510 205 586 Atque
228 508 265 567 ita
287 505 455 567 subridens:
479 503 589 566 Felicia
610 512 757 583 tempora,
781 522 856 585 quae
879 512 908 564 te

106 591 237 652 Moribus
260 589 423 668 opponunt!
446 588 553 650 haheat
572 589 628 648 iam
649 587 740 648 lloma
762 588 921 667 pudorem;

106 675 223 735 Tertius
246 691 263 733 e
286 673 372 734 coelo
395 673 500 740 cecidit
523 670 613 732 Cato!
634 672 688 732 sed
705 681 800 732 tamen
822 672 898 733 uude

107 759 188 819 Haeo
211 759 300 833 emis,
323 757 433 818 hirsuto
455 757 566 836 spirant
588 755 776 834 opobalsama
797 755 876 817 collo

107 843 191 916 Quae
212 837 285 902 tibi?
305 859 342 901 ne
364 841 471 920 pudeat
492 839 634 900 dominum
655 848 816 900 monstrare
838 839 987 900 tabernae.

107 926 195 998 Quod
216 927 241 985 si
257 933 398 985 vexantur
418 925 519 1002 leges,
539 933 569 984 at
591 925 653 984 iure
675 924 756 984 citari

107 1009 184 1068 Ante
206 1025 307 1068 omues
327 1007 415 1068 dehet
431 1008 594 1080 Scantinia;
630 1008 746 1086 respice
766 1008 886 1085 primum

107 1091 145 1152 Et
166 1101 298 1152 scrutare
317 1093 415 1153 viros:
436 1091 545 1152 laciuut
568 1092 598 1152 hi
619 1093 719 1170 plura,
742 1091 795 1152 sed
815 1090 883 1150 illos

107 1176 246 1236 Defendit
267 1193 401 1235 numerus
424 1177 598 1255 iunctaeque
620 1175 746 1236 umbone
769 1175 939 1253 phalanges.

107 1259 213 1338 hlagna
233 1260 309 1319 inter
328 1259 434 1319 molles
456 1260 628 1328 concordia;
650 1277 708 1319 non
729 1261 783 1319 erit
806 1258 893 1320 ullum

106 1343 281 1422 Exemplum
303 1343 332 1402 in
353 1353 453 1403 nostro
476 1353 532 1404 tam
552 1344 726 1405 detestabile
743 1361 826 1403 sexu.

109 1425 201 1488 Vedia
220 1443 279 1486 non
301 1426 399 1488 lambit
422 1426 552 1488 Cluviam
574 1446 631 1488 nec
651 1426 738 1488 Flora
762 1424 919 1488 Gatullam:

106 1509 198 1590 Hispo
219 1510 294 1570 subit
313 1511 432 1571 iuvenes
455 1519 484 1571 et
505 1511 607 1571 morbo
625 1509 716 1589 pallet
737 1520 871 1588 utroque.

105 1593 250 1674 Numquid
272 1611 325 1654 nos
348 1596 459 1672 agimus
483 1613 603 1670 causas,
627 1595 722 1655 civilia
746 1594 807 1654 iura

107 1677 261 1755 Novimus,
283 1687 331 1738 aut
351 1679 412 1738 ullo
433 1679 557 1758 strepitu
579 1678 643 1738 lora
664 1687 764 1738 vestra
785 1673 954 1738 movemus?

105 1761 262 1822 Luctantur
285 1780 413 1841 paucae,
437 1763 588 1824 comedunt
602 1762 738 1840 colyphia
758 1779 885 1839 paucae:

109 1840 170 1905 Vos
194 1845 286 1906 lanam
308 1847 419 1907 trahitis
443 1847 624 1927 calathisque
646 1855 766 1924 peracta
786 1845 904 1904 refertis

106 1929 244 2005 Vellera,
267 1946 321 1989 vos
343 1932 422 1990 tenui
442 1939 632 2008 praegnatem
654 1931 776 1990 stamine
797 1928 891 1989 lusum

107 2012 256 2092 Penelope
276 2013 398 2090 melius,
421 2013 515 2073 levius
535 2015 678 2092 torquetis
700 2013 854 2086 Arachne,

107 2096 231 2158 Horrida
253 2097 340 2176 quale
362 2097 432 2157 lacit
453 2097 587 2158 residens
608 2099 637 2156 in
655 2096 759 2156 codice
782 2094 890 2174 pellex.

106 2180 212 2241 Notum
235 2189 296 2256 est,
321 2199 372 2241 cur
394 2181 458 2240 solo
481 2180 595 2241 tabulas
616 2180 781 2259 impleverit
803 2177 900 2238 Hister

106 2263 242 2341 biberto,
265 2264 379 2325 dederit
399 2265 483 2324 virus
503 2282 554 2324 our
572 2263 659 2325 multa
679 2263 807 2343 puellae.

105 2348 197 2407 Dives
219 2347 289 2425 erit,
309 2365 413 2425 magno
434 2365 510 2428 quae
532 2348 635 2409 dormit
656 2349 741 2409 tertia
762 2347 851 2408 lecto.

105 2431 148 2490 Tu
169 2431 246 2491 nube
268 2440 355 2511 atque
377 2441 463 2502 taoee
481 2432 586 2493 donant
606 2450 712 2494 arcana
733 2431 891 2508 cylindros.

104 2515 150 2575 De
173 2514 259 2575 nohis
279 2523 347 2593 post
367 2514 443 2576 haec
463 2517 553 2576 tristis
576 2518 719 2577 sententia
740 2515 846 2584 iertur;

104 2598 160 2659 Dat
182 2598 297 2659 reniam
318 2599 432 2675 corvis,
453 2608 542 2660 vexat
563 2618 687 2660 censura
710 2598 868 2661 columbas.

168 2679 317 2759 Fugerunt
338 2682 445 2761 trepidi
465 2700 536 2744 vera
559 2702 594 2744 ao
614 2683 767 2745 manifesta
790 2691 940 2743 canentem

104 2765 271 2834 Stoicidae3
301 2766 370 2845 quid
393 2767 468 2826 enim
486 2765 553 2827 ialsi
574 2763 718 2828 Laronia?
742 2766 794 2827 sed
818 2766 886 2845 quid

103 2847 170 2908 Non
191 2847 301 2909 facient
323 2848 386 2926 alii,
410 2867 495 2928 quum
516 2859 546 2910 tu
567 2851 694 2911 multicia
715 2867 826 2924 sumas,

107 2929 243 3007 Cretica,
266 2941 295 2992 et
313 2932 387 2994 hanc
409 2942 523 2993 vestem
545 2935 656 3014 populo
678 2934 797 2992 mirante
817 2947 943 3009 perores

103 3013 136 3074 ln
156 3014 297 3076 Proculas
321 3026 349 3077 et
371 3013 524 3078 Pollittas?
553 3025 598 3078 est
619 3015 742 3077 moecha
761 3012 896 3075 Fabulla:

103 3097 280 3176 Damnatur,
304 3101 329 3160 si
350 3099 410 3178 vis,
436 3102 521 3161 etiam
544 3098 684 3162 Carfinia:
709 3098 796 3159 talem
953 3100 956 3105 ’

103 3180 171 3243 lion
192 3191 285 3250 sumet
307 3183 439 3246 damnata
460 3193 567 3262 togam.
582 3214 625 3230 --
644 3180 705 3242 Sed
726 3179 815 3241 lulius
836 3182 937 3260 ardet,
1059 3190 1095 3246 io

103 3264 490 3345 destun—Nudusagas:
511 3269 602 3328 minus
614 3276 659 3327 est
667 3268 776 3328 insania
799 3267 905 3346 turpis!

104 3347 148 3408 lin
169 3349 314 3428 habitum,
335 3369 393 3432 quo
416 3350 554 3428 leleges
576 3369 610 3412 ac
633 3353 696 3413 iura
717 3352 861 3412 ferentem

104 3429 281 3493 Vulneribus
303 3436 398 3497 crudis
420 3434 547 3513 populus
568 3435 654 3496 modo
673 3436 769 3496 victor
790 3444 819 3495 et
840 3433 911 3495 illud
