2626 4006
505 216 630 264 SATIRA
654 217 731 266 Xlll.

121 361 246 438 Effigies
270 358 345 418 inter
366 365 480 417 vestras
500 365 680 436 statuamque
701 357 828 435 Vagelli.

164 444 296 524 Accipe,
321 459 396 521 quae
421 448 521 500 contra
538 441 635 502 valeat
654 441 759 502 solatia
778 441 858 503 ferre

120 529 160 590 Et
181 529 229 607 qui
250 544 308 586 nec
328 524 474 600 Cynicos,
497 543 554 584 nec
575 525 676 586 Stoica
696 526 831 603 dogmata
853 525 926 605 legit

121 613 150 674 A
171 611 289 688 Cynicis
310 610 407 669 tunica
429 608 581 685 distantia,
605 626 663 668 nou
681 608 841 688 Epicurum

122 697 252 775 Suspicit
271 693 368 770 exigui
390 692 498 753 laetum
519 692 699 771 plantaribus
719 693 805 754 horti.
836 695 839 700 '

123 779 267 840 Curentnr
289 777 367 839 dubii
388 776 510 837 medicis
531 777 690 837 maioribus
709 779 802 855 aegri,

121 864 166 926 'l'u
196 881 299 923 venam
330 862 381 924 vel
412 859 557 940 discipulo
578 862 724 922 committa
741 861 876 941 Philippi.

122 951 154 1011 Si
172 946 279 1007 nullutn
301 947 330 1005 iu
352 945 439 1004 terris
461 952 518 1006 tam
540 945 716 1012 detestabile
738 945 845 1007 factum

122 1031 279 1108 Ostendis,
303 1039 407 1105 taceo,
431 1047 487 1089 nec
511 1031 616 1108 pugnis
641 1029 768 1091 caedere
789 1039 892 1110 pectus
983 1083 984 1086 ,

122 1117 166 1179 Te
187 1124 257 1176 vato
279 1131 336 1175 nec
358 1112 444 1192 plana
466 1112 572 1174 faciem
594 1114 773 1174 contundere
794 1115 905 1194 palma;

123 1198 365 1276 Quandoquidem
386 1206 512 1278 accepto
535 1199 697 1259 claudenda
716 1207 762 1258 est
783 1200 867 1260 ianua
889 1199 1003 1278 damno,

121 1285 161 1346 Et
181 1283 291 1343 maiore
314 1282 416 1342 domus
437 1284 564 1359 gemitu,
586 1284 695 1344 maiore
717 1283 838 1344 tumultu

121 1369 300 1446 Planguntur
318 1366 438 1442 nummi,
461 1384 546 1446 quarn
568 1366 680 1428 funera.
724 1365 818 1427 Nemo
840 1365 973 1428 dolorem

122 1451 218 1530 Fingit
240 1453 269 1511 in
287 1449 346 1511 hoc
367 1467 454 1527 casu,
473 1459 586 1510 vestem
608 1450 746 1511 diducere
767 1466 904 1511 summam

123 1535 301 1611 Contentus,
323 1551 434 1594 vexare
458 1534 562 1597 oculos
580 1534 701 1595 humore
724 1544 843 1596 coacto:

121 1621 256 1682 Ploratur
279 1619 405 1680 lacrimis
429 1619 534 1679 amissa
556 1620 680 1697 pecunia
698 1620 787 1679 veria.

122 1705 184 1766 Sed
205 1705 230 1764 si
252 1711 356 1764 cuncta
377 1702 461 1763 vides
485 1703 568 1764 simili
589 1703 654 1764 fora
676 1704 763 1781 plena
784 1703 929 1782 querella,

122 1789 155 1851 Si
179 1788 279 1849 decies
301 1786 387 1847 lectis
408 1787 525 1849 diversa
547 1797 630 1867 parte
650 1787 768 1848 tabellis

121 1873 204 1934 Vana
225 1873 400 1952 supervacui
422 1872 520 1932 dicunt
544 1871 739 1951 chirographa
762 1870 842 1950 ligni,

122 1957 229 2035 Arguit
251 1958 380 2035 ipsomm
402 1972 476 2034 quos
498 1956 595 2016 littera
618 1973 789 2034 gemmaque
813 1957 974 2035 princeps'

123 2040 357 2116 Sardonychum,
377 2039 484 2101 loculis
507 2057 581 2118 quae
605 2040 765 2101 custoditur
787 2039 921 2100 eburnis:

122 2124 213 2200 Ten’,
238 2141 256 2185 o
279 2121 417 2186 delicias!
440 2133 523 2184 extra
547 2125 708 2185 communia
725 2141 832 2183 censes

122 2208 308 2285 Ponendum,
330 2209 396 2287 quia
413 2217 442 2268 tu
465 2207 591 2286 gallinae
613 2207 689 2268 filius
709 2207 805 2284 alltae,

122 2291 185 2353 Nos
206 2293 282 2353 viles
304 2293 396 2371 pulli,
419 2295 476 2353 uati
498 2292 663 2353 infelicibus
686 2287 770 2351 oria?

123 2375 197 2436 Rem
217 2377 327 2456 puteris
348 2376 492 2437 modicam
514 2386 544 2437 et
563 2377 705 2437 mediocri
724 2375 783 2435 bile
806 2372 966 2449 ferendam,

124 2461 155 2521 Si
178 2460 281 2522 flectas
304 2461 408 2521 oculos
429 2462 539 2524 maiora
560 2461 596 2522 ad
619 2461 746 2522 crimina.
794 2456 904 2519 Confer
931 2531 934 2536 Ι

124 2542 306 2605 Conductum
326 2545 484 2623 latronem,
507 2542 641 2607 incendia
671 2546 782 2607 sulfure
823 2551 930 2621 coepta

123 2627 222 2707 Atque
245 2629 331 2706 dolo,
354 2631 464 2708 primos
487 2647 573 2708 quum
594 2632 678 2691 ianua
701 2628 813 2707 colligit
834 2629 936 2706 iguem

124 2710 237 2774 Confer
258 2723 288 2774 et
309 2712 382 2792 hos,
403 2715 514 2774 veteris
537 2715 586 2794 qui
607 2713 711 2775 tollunt
732 2712 854 2791 grandia
876 2710 977 2790 templi

5 2815 6 2820 ¹
122 2795 234 2858 l’ocula
252 2798 418 2859 adorandae
441 2798 582 2876 robiginis
600 2807 629 2858 et
650 2797 827 2878 populorum

122 2879 208 2941 Dona
230 2882 280 2942 vel
297 2883 414 2962 antiquo
436 2885 547 2962 positas
568 2900 585 2943 a
607 2900 680 2960 rege
702 2898 838 2942 coronas.

122 2963 205 3025 llaec
225 2965 266 3026 tui
285 2967 386 3026 sinon
408 2976 490 3043 sunt,
512 2967 605 3027 minor
627 2974 722 3026 exstat
743 2964 924 3040 sacrilegus,
951 2962 1000 3040 qui

122 3047 219 3110 Radat
240 3050 361 3112 inaurati
380 3051 474 3111 femur
488 3050 623 3112 llerculis
647 3060 676 3112 et
698 3051 804 3110 faciem
824 3049 917 3126 ipsam

122 3131 267 3211 Neptuni,
291 3135 338 3213 qui
360 3134 540 3196 bracteolam
563 3135 600 3196 de
623 3132 748 3196 Castore
771 3132 871 3200 ducat;

6 3213 7 3233 ³
122 3215 170 3275 An
192 3216 321 3296 dubitet,
344 3218 446 3279 solitus
467 3228 556 3279 totum
580 3218 708 3280 condare
732 3211 912 3278 Tonantem?

123 3295 236 3360 Confer
257 3311 288 3362 et
308 3303 437 3365 artifices
456 3312 709 3381 mercatoremque
731 3302 836 3361 veneni

122 3378 160 3442 lit
183 3382 384 3448 deducendum
403 3389 484 3448 corio
503 3387 587 3447 bovis
607 3387 636 3446 in
657 3403 753 3462 mare,
776 3402 839 3445 cum
862 3399 921 3463 quo

123 3461 275 3529 Clauditur
296 3470 428 3530 aduersis
450 3472 566 3531 innoxia
588 3471 670 3531 simia
688 3469 765 3530 fatis.
