2626 4006
217 229 260 290 66
562 239 597 284 n.
619 238 691 286 1un.
715 236 900 284 1uvunun1s

220 379 370 442 Mandaret
392 378 526 456 laqueum
549 378 730 454 mediumque
756 375 926 434 ostenderet
948 392 1081 451 unguem.

219 463 299 540 Ergo
326 478 508 540 supervacua
534 469 581 520 ant
603 460 653 520 vel
678 459 844 538 perniciosa
867 466 1010 536 petuntur,
1051 521 1060 536 ,

220 545 344 624 Propter
366 562 440 624 quae
464 543 508 604 ias
533 552 579 603 est
601 561 697 620 genua
720 544 852 602 incerare
877 541 1006 601 deorum.
1175 555 1209 605 55

263 627 410 701 Quosdam
431 628 604 704 praecipitat
627 625 757 686 subiecta
780 626 909 703 potentia
931 642 1053 700 magnae

219 712 363 780 lnvidiae;
389 711 493 787 mergit
518 710 606 787 longa
630 719 716 788 atque
738 710 858 786 insignis
880 707 1020 768 honorum

219 797 336 872 Pagina.
371 793 558 853 Descendunt
581 802 692 854 statuae
717 801 884 869 restemque
910 799 1079 869 sequuntur,

219 880 303 958 lpsas
328 877 432 938 deinde
454 885 535 936 rotas
557 875 688 958 bigarum
712 877 835 954 impacta
858 878 971 935 securis

217 959 322 1022 (laedit
345 970 373 1020 et
396 960 543 1018 immeritis
564 959 733 1036 franguntur
756 977 839 1019 crura
865 957 1000 1019 caballis:
1174 968 1209 1022 60

218 1045 277 1105 lam
303 1043 425 1103 strident
448 1044 547 1120 ignes,
573 1044 628 1103 iam
650 1042 768 1104 follibus
791 1051 877 1121 atque
902 1043 1020 1101 caminis

220 1128 313 1187 Ardet
336 1127 482 1200 adoratum
508 1125 619 1204 populo
644 1136 729 1204 caput
756 1135 786 1186 et
808 1133 910 1204 crepat
932 1127 1035 1202 ingens

220 1212 357 1278 Seianus;
386 1209 490 1269 deinde
518 1227 556 1268 ex
580 1209 657 1270 facie
677 1218 739 1270 toto
763 1209 835 1269 orlre
859 1209 986 1269 secunda

219 1293 302 1354 Fiunt
324 1293 453 1370 urceoli,
476 1291 597 1372 pelves,
621 1303 753 1371 sartago,
779 1293 924 1354 matellae.

220 1379 299 1438 Pone
326 1377 402 1437 domi
426 1377 539 1453 laurus,
562 1376 617 1437 duo
643 1378 671 1436 in
694 1376 838 1456 Capitolia
859 1394 991 1452 magnum
1176 1385 1209 1439 65

221 1459 426 1539 cretatumque
448 1459 570 1521 bovem:
593 1461 714 1521 Seianus
736 1462 848 1522 ducitur
870 1477 946 1518 unco

220 1545 418 1624 Spectandus;
441 1544 569 1622 madent
590 1561 706 1604 omnes:
731 1543 812 1617 Quae
833 1541 930 1618 labra,
953 1543 1017 1621 quis
1039 1542 1081 1602 illi

220 1629 324 1688 Vultus
346 1628 423 1688 erat!
449 1645 615 1706 numquam,
642 1629 667 1687 si
690 1629 757 1706 quid
779 1627 847 1687 milri
871 1626 983 1700 credis,
1008 1628 1101 1685 amavi

221 1712 302 1772 Hunc
323 1711 481 1771 hominem!
508 1711 561 1771 sed
584 1727 641 1788 quo
666 1711 771 1772 cecidit
796 1708 849 1770 suh
873 1707 1012 1769 crimine?
1037 1712 1167 1788 quisnam

221 1791 362 1854 Delatorl
396 1794 498 1872 quibus
530 1795 666 1872 indiciis,
705 1811 762 1872 quo
787 1802 863 1854 teste
887 1789 1043 1872 probavit?
1064 1828 1107 1839 -
1175 1803 1211 1856 70

221 1877 268 1938 Nil
291 1877 407 1937 horum:
430 1876 556 1937 uerbosa
581 1887 609 1937 et
629 1879 746 1954 grandis
772 1877 897 1956 epistola
922 1877 1001 1936 venit

222 1961 248 2020 A
267 1959 398 2039 Capreis.
413 1995 455 2006 -
470 1959 548 2021 Bene
565 1960 668 2029 habet;
692 1962 731 2020 nil
749 1961 814 2040 plus
826 1962 986 2037 interrogo.
1001 1995 1042 2008 -
1065 1961 1126 2020 Sed
1142 1961 1210 2039 quid

222 2043 318 2105 'larba
340 2041 444 2104 Remi?
481 2045 618 2122 Sequitur
642 2045 784 2105 fortunam
805 2053 836 2104 ut
858 2062 975 2123 semper
998 2053 1028 2105 et
1050 2045 1111 2104 odit

223 2129 394 2197 Damnatos3
419 2128 495 2189 idem
516 2128 661 2207 populus,
689 2131 714 2188 si
734 2127 834 2188 Nortia
855 2127 951 2188 'lusco

222 2211 372 2288 Favisset,
396 2213 420 2272 si
447 2229 590 2291 oppressa
611 2212 689 2272 foret
710 2229 813 2271 secura
839 2220 975 2271 senectus
1176 2219 1210 2272 ts
1304 2260 1305 2280 ,

223 2295 379 2374 Principis,
406 2294 462 2355 hac
483 2298 546 2373 ipsa
568 2296 703 2355 Seianum
726 2295 838 2356 diceret
861 2294 934 2355 hora
1304 2299 1305 2302 ’

223 2378 393 2456 Angustum.
433 2377 642 2455 Iampridem,
664 2397 702 2438 ex
727 2395 785 2457 quo
810 2379 946 2455 suffragia
968 2377 1038 2437 nulli

227 2462 397 2537 Vendimns,
419 2460 518 2520 effudit
541 2480 640 2529 curas;
663 2480 726 2522 nam
752 2464 801 2541 qui
822 2461 907 2522 dabat
932 2460 998 2520 olim

223 2545 393 2622 Imperium,
419 2543 534 2620 fasces,
558 2545 711 2622 legiones,
736 2546 846 2621 omnia,
871 2563 945 2605 nunc
967 2563 1000 2604 se

224 2625 360 2687 Continet
383 2636 471 2707 atque
497 2627 566 2688 duas
589 2637 695 2704 tantum
717 2647 765 2688 res
787 2631 888 2688 anxins
914 2637 1004 2706 optat,

223 2711 328 2773 Panem
353 2719 382 2770 et
405 2713 563 2770 circenses.
586 2712 797 2772 -Perituros
822 2714 906 2772 audio
928 2711 1043 2772 multos.

223 2793 270 2854 Nil
295 2792 424 2871 dubium,
451 2809 555 2874 magna
576 2804 621 2854 est
643 2795 807 2864 fornacula;
830 2796 985 2874 pallidulus
1009 2795 1046 2852 mi

223 2877 366 2938 Brutidius
389 2895 470 2938 meus
492 2880 526 2940 ad
548 2877 648 2939 Martis
670 2881 723 2940 luit
747 2879 849 2938 obuius
873 2897 959 2939 aram.

223 2960 315 3034 Quam
339 2962 444 3038 timeo,
466 2964 560 3022 victus
586 2981 623 3022 ne
646 2979 756 3041 poenas
781 2963 880 3040 exigat
902 2961 976 3021 Aiax

222 3044 259 3104 Ut
280 3046 355 3105 male
376 3045 528 3106 defensus!
556 3064 702 3106 curramus
728 3047 905 3124 praecipites
928 3054 967 3120 et,

222 3127 297 3187 Dum
320 3129 398 3189 iacet
419 3129 448 3187 in
469 3130 548 3207 ripa,
574 3129 720 3189 calcemus
746 3126 880 3190 Caesaris
903 3128 1025 3188 hostem.

223 3211 282 3271 Sed
303 3212 422 3273 videant
443 3213 537 3287 servi,
557 3230 594 3270 ne
616 3215 680 3291 quis
702 3222 791 3290 neget
807 3222 836 3272 et
858 3213 991 3290 pavidum
1013 3214 1041 3270 in
1064 3211 1107 3270 ins

224 3291 348 3356 Cervice
373 3295 514 3354 obstricta
536 3294 677 3354 dominum
699 3295 801 3356 trahat.
828 3329 872 3343 -—·
893 3295 927 3355 Hi
950 3311 1100 3354 sermones

223 3376 304 3440 'lunc
326 3377 363 3437 de
384 3377 507 3452 Seiano,
531 3387 646 3438 secreta
670 3377 745 3438 haec
771 3396 914 3438 murmura
937 3378 1027 3454 vulgi.

221 3459 313 3518 Visne
335 3459 454 3520 salutari
478 3460 552 3520 sicut
576 3459 717 3522 Seianus?
742 3460 851 3522 habere
