2626 4006
496 239 621 288 SATIRA
643 239 677 285 X.

111 380 399 458 Tantumdematque
422 378 465 438 illi
485 396 609 437 summas
632 378 741 438 donare
767 376 893 452 curules,

112 467 194 527 lllum
219 463 398 524 exercitibus
424 458 633 540 praeponere?
659 470 737 521 tutor
763 461 864 521 haberi

112 549 253 626 Principis
279 555 399 624 angusta
428 543 604 624 Caprearum
628 547 656 604 in
679 564 751 623 rupe
775 545 904 604 sedentis

113 632 184 692 (ium
209 648 304 709 grege
328 628 497 690 Chaldaeo?
524 631 568 688 vis
592 638 673 689 certe
696 630 771 707 pila,
797 628 945 705 cohortes,

113 717 260 793 Egregios
287 715 400 792 equites
425 723 455 772 et
478 721 573 773 castra
599 709 778 774 domestica?
805 713 902 792 quidni
1065 723 1099 777 95

113 799 193 859 llaec
216 795 338 876 cupias?
361 799 459 875 etqui
481 796 582 856 nolunt
604 798 740 857 occidere
764 814 946 876 quemquam,

113 885 205 943 Posse
228 881 338 941 volunt.
376 881 434 940 Sed
457 899 532 958 quae
555 881 707 958 praeclara
732 890 761 940 et
784 897 928 959 prospera
950 881 1030 956 tanti,

112 967 150 1027 Ut
171 964 261 1025 rebus
282 964 366 1024 lactis
393 967 504 1042 parsit
529 981 662 1024 mensura
686 962 846 1024 malorum?

112 1051 219 1125 Huius,
244 1049 292 1128 qui
315 1048 453 1125 trahitur,
477 1057 657 1126 praetextam
681 1066 795 1108 sumere
820 1051 921 1124 mavis,

113 1134 158 1193 hn
180 1132 351 1193 Fidenarum
373 1130 586 1210 Gabiorumque
609 1150 676 1191 esse
703 1141 834 1210 potestas
1053 1143 1100 1195 100

112 1218 150 1277 Et
173 1218 210 1277 de
232 1233 365 1275 mensura
388 1216 432 1275 ius
455 1216 569 1292 dicere,
591 1234 661 1275 vasa
683 1217 792 1276 minora

112 1301 263 1380 Frangere
286 1315 432 1377 pannosus
457 1301 557 1359 vacuis
581 1299 684 1360 aedilis
706 1297 844 1359 Ulubris?

113 1385 194 1462 Ergo
219 1385 287 1463 quid
311 1383 467 1462 optandum
490 1383 584 1458 foret,
615 1385 767 1460 ignorasse
794 1383 896 1443 lateris

112 1470 264 1536 Seianum;
290 1468 424 1545 namqui
449 1467 552 1526 nimios
573 1466 692 1545 optabat
718 1466 845 1526 honores

112 1552 150 1612 Et
174 1552 275 1610 nimias
297 1551 440 1631 poscebat
462 1568 552 1629 opes,
579 1567 731 1610 numerosa
757 1548 877 1630 parabat
1050 1561 1099 1614 105

112 1635 263 1696 Excelsae
289 1637 374 1694 turris
398 1634 540 1709 tabulata,
564 1635 639 1695 unde
663 1634 749 1694 altior
773 1643 853 1693 esset

113 1719 208 1780 Casus
235 1727 264 1776 ct
289 1717 430 1797 impulsae
455 1736 600 1796 praeceps
622 1720 744 1778 immane
767 1719 877 1778 ruinae.

112 1803 190 1877 Quid
214 1799 355 1876 Crassos,
381 1801 448 1880 quid
474 1801 630 1880 Pompeios
657 1803 780 1878 evertit,
806 1811 835 1862 et
858 1801 949 1879 illum,

112 1886 158 1946 hd
183 1903 234 1945 sua
261 1887 309 1964 qui
333 1886 457 1945 domitos
480 1884 598 1945 deduxit
621 1885 711 1962 llagra
734 1883 885 1958 Quirites?

112 1972 245 2029 Summus
270 1987 374 2048 nempe
402 1968 486 2028 locus
512 1968 589 2028 nulla
613 1987 670 2028 nou
687 1977 760 2052 ,arte
782 1971 900 2046 petitus,
1050 1983 1101 2032 110

111 2053 277 2130 Magnaque
302 2051 460 2111 numinibus
482 2060 550 2112 rota
573 2052 708 2112 exaudita
731 2052 872 2130 malignis.

14 2203 15 2208 ἵ
112 2137 159 2196 Ad
185 2154 324 2213 generum
351 2134 468 2196 Cereris
494 2137 556 2195 sine
582 2136 673 2196 caede
698 2153 733 2196 ac
753 2135 874 2194 vulnere
900 2137 985 2214 pauci
1044 2129 1046 2136 '

111 2220 303 2279 Descendunt
325 2238 415 2298 reges
439 2229 469 2279 et
491 2220 570 2279 sicca
596 2228 689 2279 morte
712 2221 834 2294 tyranni.

155 2303 311 2380 Eloquium
331 2323 366 2364 ac
385 2303 487 2363 lamam
512 2302 718 2364 Demosthenis
743 2312 791 2364 aut
815 2302 967 2363 Ciceronis

112 2388 220 2464 incipit
243 2397 346 2465 optare
369 2397 398 2446 et
423 2388 491 2446 totis
508 2387 735 2466 Quinquatribus
758 2395 850 2466 optat,
1051 2397 1100 2449 115

114 2471 254 2552 Quisquis
282 2469 374 2531 adbuc
400 2487 456 2530 uno
478 2487 596 2548 parcam
619 2471 690 2531 colit
716 2489 782 2532 asse
806 2469 973 2547 lllinervam,

114 2554 208 2627 Quem
236 2557 365 2632 sequitur
388 2563 487 2614 custos
511 2564 651 2632 angustae
675 2555 795 2615 vernula
822 2573 940 2633 capsae.

113 2637 242 2716 Eloquio
268 2637 321 2697 sed
343 2646 465 2716 uterque
490 2640 565 2715 perit
587 2648 699 2707 orator;
725 2649 875 2716 utrumque

113 2721 226 2798 bargus
252 2730 281 2780 et
306 2722 454 2781 exundans
475 2721 533 2781 leto
557 2721 636 2782 dedit
660 2722 768 2800 ingenii
791 2723 867 2782 fons.

112 2805 235 2882 lngenio
259 2823 357 2865 manus
383 2815 428 2864 est
455 2814 483 2864 et
506 2807 606 2864 cervix
629 2821 730 2879 cacsa;
756 2824 814 2865 nec
835 2820 967 2881 umquam
1054 2814 1104 2866 120

114 2890 263 2966 Sanguine
291 2889 429 2948 causidici
454 2889 623 2948 maduerunt
646 2898 740 2950 rostra
765 2889 874 2968 pusilli.

114 2971 138 3032 0
162 2973 337 3032 fortunatam
359 2982 453 3032 natam
477 2990 523 3031 me
549 2973 670 3032 consule
695 2972 815 3033 Romam
837 3005 879 3015 -

112 3057 224 3115 Antoni
246 3057 361 3134 gladios
377 3057 476 3134 ‚potuit
499 3065 702 3133 contemnere,
725 3059 750 3117 si
773 3058 816 3116 sic

113 3139 215 3199 Omnia
240 3141 372 3200 dixisset.
411 3139 542 3200 Ridenda
565 3148 700 3218 poemata
721 3141 809 3217 malo,

113 3224 208 3298 Quam
230 3233 262 3283 te
284 3224 477 3301 conspicuae,
500 3224 594 3284 divina
615 3223 793 3303 Philippica,
817 3223 923 3297 lamae,
1054 3231 1102 3283 125

110 3308 252 3368 Volveris
278 3325 294 3367 a
319 3308 410 3386 prima
433 3325 508 3386 quae
532 3309 672 3386 proxima.
710 3310 821 3368 Saevus
845 3314 874 3366 et
896 3305 976 3365 illum

109 3391 215 3450 Exitus
241 3392 364 3469 eripuit,
391 3407 475 3468 quem
502 3389 676 3450 mirabantur
701 3391 833 3452 Athenae

109 3475 288 3534 Torrentem
315 3483 344 3534 et
368 3474 447 3552 pleni
469 3473 665 3534 moderantem
689 3476 769 3535 irena
793 3475 912 3612 theatri,
922 3552 937 3588 *
