2626 4006
492 229 618 278 SATIRA
639 229 703 280 xli.

108 369 263 434 leaticuli:
288 369 362 430 adeo
385 369 555 429 medicatum
578 369 723 448 intellegit
734 370 850 448 inguen.

108 456 246 530 Fundite,
268 471 343 533 quae
365 471 430 513 mea
450 462 532 529 sunt,
552 452 685 529 dicebat,
711 463 829 529 cuneta,
854 451 995 532 Catullus,

108 539 305 617 Praecipitare
325 537 428 596 volens
451 539 536 596 etiam
558 535 768 615 pulcherrima,
788 547 899 598 vestem

108 626 298 702 Purpuream,
321 622 430 680 teneris
451 637 567 698 quoque
589 620 807 682 Maecenatibus
828 631 934 701 aptam,

109 708 205 787 Atque
225 706 312 781 alias,
334 722 452 784 quarum
475 705 613 782 generosi
635 701 772 783 graminis
793 707 886 785 ipsum
1060 721 1096 774 40

108 791 212 852 Infecit
233 799 333 849 natura
354 807 462 867 pecus,
487 788 539 848 sed
562 798 591 848 et
613 789 840 868 egregiusious

106 875 223 935 Viribus
247 873 370 933 occultis
393 881 422 932 et
444 873 579 932 Baeticus
602 873 715 934 adiuvat
734 893 795 935 000.

108 960 161 1019 1110
183 977 239 1018 000
260 965 410 1034 argentum
433 956 581 1016 dubitabat
602 958 732 1035 mittere,
754 958 855 1019 lances

109 1041 261 1103 Parthenio
280 1041 390 1117 lactas,
413 1059 501 1100 urnae
526 1049 639 1100 cratera
659 1060 798 1120 capacem

108 1125 145 1187 111
167 1126 281 1204 dignum
304 1126 418 1184 sitiente
440 1123 531 1184 l’holo
554 1124 602 1183 vel
626 1123 749 1203 coniuge
772 1125 875 1201 Fusci3
1061 1139 1095 1192 45

109 1210 192 1270 Adde
213 1218 242 1269 et
263 1208 426 1269 bascaudas
447 1217 476 1268 01
497 1209 575 1268 mille
596 1210 726 1285 escaria,
748 1206 865 1271 multum

27 1361 29 1366 ,
110 1292 236 1368 0001011,
260 1292 374 1352 biberat
393 1309 450 1370 quo
474 1291 596 1352 callidus
618 1301 731 1371 emptor
752 1292 878 1368 Olynthi.

109 1377 168 1437 Sed
190 1377 254 1454 quis
275 1394 351 1434 nunc
373 1375 461 1452 alius,
485 1394 540 1455 qua
562 1376 657 1435 mundi
681 1385 764 1455 parte
785 1379 848 1455 quis
868 1379 954 1439 audet

107 1462 239 1538 Argenta
257 1460 409 1538 praeferre
432 1468 521 1538 00001
540 1459 688 1536 rebusque
710 1458 854 1520 salutem?

110 1543 320 1626 [Nonpropter
336 1545 424 1603 vitam
442 1543 550 1603 iaciunt
572 1545 741 1620 patrimonia
763 1544 888 1622 quidam,
1061 1559 1096 1610 50

109 1628 169 1688 Sed
191 1629 260 1688 vitio
284 1628 365 1687 caeci
387 1637 509 1705 propter
530 1629 699 1705 patrimonia
720 1628 846 1706 vivunt]

107 1711 233 1772 lactatur
252 1729 347 1771 rerum
368 1711 477 1770 utilium
498 1729 566 1790 pars
587 1713 726 1787 maxima,
748 1711 801 1772 sed
823 1730 880 1772 nec

107 1795 216 1855 Damna
237 1795 347 1862 levant;
371 1803 438 1854 tune
461 1795 592 1855 adversis
613 1795 784 1874 urgentibus
805 1795 875 1857 illuc

108 1879 258 1955 Reccidit,
279 1887 309 1938 ut
330 1878 434 1938 malum
456 1879 536 1939 ierro
560 1881 764 1958 summitteret,
789 1898 823 1940 ao
846 1899 879 1940 se

107 1962 244 2042 Explicat
266 1972 432 2040 angustum:
455 1963 625 2022 discriminis
644 1964 756 2039 ultima,
782 1965 896 2041 quando
1061 1975 1095 2029 55

106 2046 254 2106 Praesidio
277 2047 422 2108 aderimus
443 2064 544 2106 navem
565 2047 676 2106 lactura
699 2047 847 2106 minorem.

106 2131 216 2190 10000
239 2132 383 2191 01000110
406 2131 526 2190 animam
550 2131 710 2206 committe,
735 2129 832 2190 dolato

107 2213 243 2275 Confisus
263 2214 360 2292 ligno,
384 2214 480 2291 digitis
502 2232 519 2275 a
539 2223 634 2274 morte
653 2222 781 2274 remotus

107 2298 250 2372 Quattuor
272 2307 319 2358 aut
341 2307 469 2377 septem,
493 2299 517 2357 si
540 2299 576 2358 011
597 2297 734 2358 latissima
752 2296 855 2371 taeda;

106 2381 176 2442 blox
197 2400 261 2442 cum
278 2382 410 2442 reticulis
430 2391 459 2441 et
477 2400 551 2460 pane
576 2390 605 2441 et
625 2391 727 2442 ventre
750 2381 874 2459 lagonae
1061 2393 1095 2446 60

106 2467 218 2545 Aspice
241 2465 394 2526 sumendas
415 2467 445 2524 in
466 2474 639 2545 tempestate
663 2463 794 2527 secures.

107 2550 167 2610 Sed
189 2559 343 2629 postquam
362 2551 449 2610 iacuit
470 2549 583 2628 planum
604 2568 700 2626 mare,
721 2559 855 2628 tempora
872 2559 1025 2630 postquam

105 2633 254 2712 Prospera
275 2636 403 2694 vectoris
426 2634 571 2713 latumque
592 2634 734 2706 valentius
757 2651 827 2694 euro

104 2715 143 2776 Et
163 2717 290 2796 pelago,
313 2727 466 2796 postquam
486 2717 594 2778 Parcae
615 2719 736 2779 meliora
758 2718 883 2795 benigna

53 2859 55 2865 Α
104 2801 198 2860 l’ensa
220 2801 431 2861 manuducunt
453 2799 561 2866 hilares
584 2811 613 2861 01
632 2802 759 2862 staminis
780 2800 839 2861 albi
1061 2810 1095 2864 65

103 2883 265 2962 Lanificae,
286 2885 399 2946 modica
418 2903 474 2946 nec
494 2886 610 2946 multum
631 2885 734 2945 fortior
753 2902 820 2944 aura

103 2967 216 3028 Ventus
239 2969 337 3029 adest:
357 2970 436 3048 inopi
456 2968 629 3029 miserabilis
650 2977 712 3028 arte
735 2969 860 3028 cucurrit

101 3050 244 3113 Vestibus
267 3054 397 3113 extensis
420 3061 466 3129 et,
490 3053 567 3132 qnod
586 3061 775 3130 superaverat
797 3070 892 3130 unum,

101 3134 181 3196 Velo
205 3153 293 3215 prora
315 3153 377 3196 suo.
420 3136 479 3197 lam
498 3137 698 3197 deficientibus
719 3136 823 3196 austris

102 3219 181 3298 Spes
204 3219 282 3280 vitae
304 3239 368 3281 cunr
391 3221 455 3281 sole
474 3220 549 3280 redit
556 3241 563 3294 ;
587 3231 654 3281 1000
675 3229 775 3298 gratus
796 3220 860 3281 Iulo
1061 3229 1094 3284 to

100 3302 202 3382 Atque
223 3306 374 3366 novercali
397 3305 485 3365 sedes
508 3306 638 3383 praelata
660 3304 767 3364 havino

101 3383 291 3466 Conspicitur
313 3390 442 3450 sublimis
464 3407 559 3467 apex,
580 3391 626 3449 cui
647 3389 766 3471 candida
789 3405 894 3448 nomen

99 3470 209 3531 Scrofa
232 3471 326 3549 dedit,
349 3474 434 3533 laetis
456 3472 618 3550 Phrygibus
640 3471 771 3532 mirabile
796 3490 906 3548 sumen,

143 3575 201 3616 rev.
225 3577 286 3616 sar.
869 3565 886 3618 6
