2600 4006
484 274 609 322 suumn
632 275 680 322 VI.

101 414 186 487 Quae
210 413 284 490 fugit
306 431 323 473 a
346 411 441 473 sexu?
473 413 561 474 Vires
584 412 679 474 amat?
704 414 779 476 baec
800 424 896 476 tamen
920 418 982 494 ipsa

100 499 154 557 Vir
175 497 269 558 nollet
291 497 368 566 lieri;
392 514 457 556 nam
481 498 614 576 quantula
636 506 736 559 nostra
758 499 909 578 voluptas!

102 581 197 656 Quale
221 581 311 640 decus
333 599 447 657 rerum,
473 583 497 640 si
520 582 652 658 coniugis
675 583 772 642 auctio
794 583 855 660 liat,

100 666 221 726 Balteus
244 672 273 723 ct
295 665 425 724 manicae
450 673 479 723 et
501 667 607 725 cristae
632 667 782 745 crurisque
806 668 913 727 sinistri

100 750 256 811 Dimidium
282 749 423 825 tegimem
446 748 495 807 vel
520 751 545 807 si
566 749 681 808 diversa
703 750 832 810 movebit

101 833 238 908 Proelia,
261 841 292 891 tu
313 831 402 908 ielix,
427 848 531 891 ocreas
552 833 698 892 vendente
721 834 838 911 puella!

101 917 163 978 liae
186 925 270 990 sunt,
296 933 371 994 quae
397 917 477 975 tenui
498 916 601 975 sudant
622 917 650 974 in
673 917 813 994 cyclade,
839 936 957 999 quarum

100 1001 233 1061 Delicias
257 1008 286 1058 et
307 999 478 1077 panniculus
502 1000 692 1074 bombycinus
714 1002 769 1060 urit
777 1000 792 1060 ‘l

102 1085 231 1163 Aspice,
255 1100 313 1161 quo
337 1083 452 1142 fremitu
475 1092 651 1143 monstratos
675 1084 806 1163 perierat
827 1087 912 1161 ictus,

101 1168 140 1228 lit
162 1175 270 1246 quanto
294 1166 399 1244 galeae
427 1176 562 1226 curvetur
583 1169 734 1245 pondere,
758 1179 863 1247 quauta

101 1250 264 1330 Poplitibus
288 1251 390 1310 sedeat
415 1268 498 1330 quam
521 1251 613 1314 denso
637 1253 727 1312 fascia
752 1253 838 1329 libro,

101 1335 140 1396 ut
163 1335 241 1411 ride,
265 1336 369 1413 positis
392 1334 542 1413 scaphium
564 1354 650 1415 quum
672 1337 792 1395 sumitur
815 1339 909 1397 armis.

102 1419 200 1479 Dicite
222 1434 276 1477 vos
300 1427 404 1496 neptes
424 1418 525 1496 Lepidi
549 1420 668 1479 caecive
691 1417 814 1495 Metelli,

103 1502 231 1579 Gurgitis
253 1511 301 1560 aut
323 1500 422 1576 Fabii,
446 1520 520 1581 quae
541 1502 618 1562 ludia
640 1505 795 1580 sumpserit
814 1522 945 1582 umquam

101 1586 163 1646 llos
187 1585 316 1653 babitus;
342 1586 455 1663 quando
480 1586 514 1646 ad
538 1587 635 1665 palum
657 1595 755 1663 gemat
778 1604 852 1646 uxor
874 1587 978 1662 Asyli'l

146 1670 271 1748 Semper
290 1669 379 1729 babet
402 1669 468 1729 lites
492 1669 662 1748 alternaque
685 1671 779 1747 iurgia
801 1671 906 1748 lectus,

102 1754 134 1816 lu
156 1770 214 1832 quo
236 1761 324 1832 nupta
347 1755 437 1822 iacet;
459 1754 602 1813 minimum
624 1754 762 1813 dormitur
783 1755 811 1813 in
834 1755 895 1815 illo.

102 1837 198 1911 Quum
219 1837 317 1914 gravis
341 1836 390 1896 illa
414 1838 494 1913 uiro,
519 1846 586 1896 tunc
610 1837 681 1897 orba
702 1838 809 1914 tigride
832 1840 916 1917 peior

103 1922 210 2000 [Quum
234 1920 349 1980 simulat
371 1922 494 1997 gemitus
516 1912 765 1982 occulti'conscia
788 1922 887 2000 lacti,l

103 2004 162 2063 Aut
184 2005 245 2064 odit
266 2020 393 2084 pueros,
420 2012 467 2064 aut
489 2003 556 2064 licta
583 2005 693 2083 pellice
715 2005 822 2083 plorat,

103 2087 248 2148 Uberibus
273 2106 390 2166 semper
410 2087 535 2148 lacrimis
559 2106 734 2166 semperque
755 2089 863 2166 paratis

100 2171 133 2231 ln
156 2173 282 2232 statione
305 2189 356 2231 sua
379 2181 467 2250 atque
489 2170 725 2250 exspectantibus
748 2171 837 2246 illam,

101 2255 168 2328 Quo
195 2254 293 2315 iubeat
316 2274 432 2316 manare
454 2256 556 2316 modo:
580 2265 610 2315 tu
633 2256 728 2315 credis
751 2273 889 2331 amorem,

101 2339 145 2399 Tu
167 2339 219 2398 tibi
245 2347 313 2399 tunc
335 2339 433 2401 Unuca
456 2340 557 2418 places
580 2339 737 2418 fletumque
761 2339 877 2400 labellis

101 2421 272 2499 Exsorbes,
297 2441 371 2503 quae
394 2425 502 2502 scripta
526 2433 555 2482 et
579 2433 648 2503 quot
670 2423 783 2483 lecture
806 2422 942 2500 tabellas,

101 2507 133 2567 Si
154 2507 206 2568 tibi
229 2506 385 2586 zelotypae
407 2515 577 2584 retegantur
598 2509 703 2568 scrinia
726 2507 883 2569 moechae!

101 2590 161 2649 Sed
187 2591 265 2651 iacet
284 2591 313 2650 in
339 2593 417 2650 servi
441 2592 643 2670 complexibus
669 2600 716 2652 aut
739 2593 860 2671 equitis;
884 2591 941 2668 dic,

101 2673 157 2732 Dic
181 2675 323 2753 aliquem,
347 2675 453 2749 sodes,
478 2675 542 2750 bic,
567 2674 758 2751 Quintiliane,
784 2675 929 2735 colorem!

101 2755 277 2828 Haeremus;
302 2759 349 2818 dic
370 2759 447 2837 ipsa!
461 2791 502 2806 —a
526 2757 601 2818 Olim
623 2767 816 2834 convenerat,
839 2759 940 2836 inquit,

101 2839 139 2899 Ut
164 2840 280 2901 iaceres
303 2851 350 2917 tu,
374 2841 451 2921 quod
473 2842 585 2919 velles,
609 2861 664 2902 nec
687 2860 746 2901 non
769 2859 826 2918 ego
849 2857 968 2920 possem

101 2922 259 3001 Indulgere
282 2925 365 2986 mibi:
393 2925 500 2986 clames
524 2926 594 2986 licet
616 2936 645 2986 et
667 2943 746 2985 mare
770 2923 856 2984 coelo

102 3005 287 3084 Confundas,
310 3009 397 3069 bomo
421 3028 492 3071 sum.
518 3043 561 3056 -
584 3008 661 3070 Nihil
684 3019 729 3068 est
752 3008 887 3068 audacius
911 3005 967 3065 illis

100 3090 281 3168 Deprensis:
308 3094 379 3152 iram
404 3102 490 3172 atque
515 3095 625 3152 animos
652 3111 668 3152 e
693 3093 809 3152 crimine
833 3097 955 3149 sumunt.
1042 3100 1093 3153 285

144 3174 227 3235 Unde
250 3175 325 3234 baec
346 3186 474 3236 monstra
496 3185 591 3236 tamen
615 3176 664 3236 vel
688 3177 793 3255 quode
817 3176 914 3251 fonte,
937 3172 1083 3254 requiris?

100 3257 272 3319 Praestabat
299 3268 395 3318 castas
417 3260 531 3320 humilis
553 3257 667 3320 fortuna
690 3260 803 3320 Latinas

101 3340 272 3416 Quondam,
296 3359 351 3402 nec
373 3345 448 3402 vitiis
472 3344 600 3420 contingi
624 3361 711 3422 parva
736 3343 868 3404 sinebant

100 3424 191 3486 Tecta
215 3425 301 3485 labor
323 3428 473 3505 somnique
493 3426 601 3486 breves
626 3436 655 3487 et
683 3427 793 3487 vellere
815 3427 911 3486 Tusco

100 3508 234 3569 Venetae
258 3509 406 3588 duraeque
427 3529 526 3570 manus
553 3529 587 3570 ac
609 3510 757 3588 proximus
781 3510 857 3651 urlti3
872 3588 887 3625 *
1040 3518 1092 3571 29⁰
