<?xml version="1.0" encoding="UTF-8"?>
<!DOCTYPE html PUBLIC "-//W3C//DTD XHTML 1.0 Transitional//EN"
    "http://www.w3.org/TR/xhtml1/DTD/xhtml1-transitional.dtd">
<html xmlns="http://www.w3.org/1999/xhtml" xml:lang="en" lang="en">
 <head>
  <title>
</title>
<meta http-equiv="Content-Type" content="text/html;charset=utf-8" />
  <meta name='ocr-system' content='tesseract 3.04.00' />
  <meta name='ocr-capabilities' content='ocr_page ocr_carea ocr_par ocr_line ocrx_word'/>
</head>
<body>
  <div class='ocr_page' id='page_1' title='image "./satirarumlibriq03juvegoog_0044.png"; bbox 0 0 2600 4006; ppageno 0'>
   <div class='ocr_carea' id='block_1_1' title="bbox 364 701 790 948">
    <p class='ocr_par' dir='ltr' id='par_1_1' title="bbox 364 701 790 948">
     <span class='ocr_line' id='line_1_1' title="bbox 364 701 790 796; baseline 0.005 -2"><span class='ocrx_word' id='word_1_1' title='bbox 364 703 405 794; x_wconf 84' lang='lat' dir='ltr'><strong>ll.</strong></span> <span class='ocrx_word' id='word_1_2' title='bbox 433 701 542 794; x_wconf 90' lang='lat' dir='ltr'><strong>lllllll</strong></span> <span class='ocrx_word' id='word_1_3' title='bbox 568 701 790 796; x_wconf 81' lang='lat' dir='ltr'><strong>llllllllllll</strong></span> 
     </span>
     <span class='ocr_line' id='line_1_2' title="bbox 490 871 668 948; baseline 0.011 -12"><span class='ocrx_word' id='word_1_4' title='bbox 490 871 668 948; x_wconf 64' lang='lat' dir='ltr'><strong>mfflu</strong></span> 
     </span>
    </p>
   </div>
   <div class='ocr_carea' id='block_1_2' title="bbox 237 1015 921 1133">
    <p class='ocr_par' dir='ltr' id='par_1_2' title="bbox 237 1015 921 1133">
     <span class='ocr_line' id='line_1_3' title="bbox 237 1015 921 1133; baseline 0.01 -9"><span class='ocrx_word' id='word_1_5' title='bbox 237 1015 921 1133; x_wconf 74' lang='lat' dir='ltr'><strong>Sd&#39;l&#39;llldll&#39;lllll</strong></span> 
     </span>
    </p>
   </div>
   <div class='ocr_carea' id='block_1_3' title="bbox 449 1226 708 1293">
    <p class='ocr_par' dir='ltr' id='par_1_3' title="bbox 449 1226 708 1293">
     <span class='ocr_line' id='line_1_4' title="bbox 449 1226 708 1293; baseline 0.019 -5"><span class='ocrx_word' id='word_1_6' title='bbox 449 1226 551 1290; x_wconf 85' lang='lat' dir='ltr'>LIBER</span> <span class='ocrx_word' id='word_1_7' title='bbox 576 1226 708 1293; x_wconf 85' lang='lat' dir='ltr'><strong>PRIMUS.</strong></span> 
     </span>
    </p>
   </div>
   <div class='ocr_carea' id='block_1_4' title="bbox 494 1411 664 1420">
    <p class='ocr_par' dir='ltr' id='par_1_4' title="bbox 494 1411 664 1420">
     <span class='ocr_line' id='line_1_5' title="bbox 494 1411 664 1420; baseline 0.006 -2"><span class='ocrx_word' id='word_1_8' title='bbox 494 1411 664 1420; x_wconf 78' lang='lat'><strong>---—..-.</strong></span> 
     </span>
    </p>
   </div>
   <div class='ocr_carea' id='block_1_5' title="bbox 425 1525 728 1591">
    <p class='ocr_par' dir='ltr' id='par_1_5' title="bbox 425 1525 728 1591">
     <span class='ocr_line' id='line_1_6' title="bbox 425 1525 728 1591; baseline 0.003 -1"><span class='ocrx_word' id='word_1_9' title='bbox 425 1525 663 1591; x_wconf 85' lang='lat' dir='ltr'><strong>SATIRA</strong></span> <span class='ocrx_word' id='word_1_10' title='bbox 700 1527 728 1591; x_wconf 90' lang='lat'><strong>1.</strong></span> 
     </span>
    </p>
   </div>
   <div class='ocr_carea' id='block_1_6' title="bbox 78 1628 963 1988">
    <p class='ocr_par' dir='ltr' id='par_1_6' title="bbox 78 1628 963 1804">
     <span class='ocr_line' id='line_1_7' title="bbox 78 1628 963 1736; baseline -0.002 -18"><span class='ocrx_word' id='word_1_11' title='bbox 78 1628 213 1734; x_wconf 77' lang='lat' dir='ltr'><strong>Semper</strong></span> <span class='ocrx_word' id='word_1_12' title='bbox 235 1671 291 1732; x_wconf 91' lang='lat' dir='ltr'><strong>ego</strong></span> <span class='ocrx_word' id='word_1_13' title='bbox 311 1654 423 1716; x_wconf 83' lang='lat' dir='ltr'><strong>auditor</strong></span> <span class='ocrx_word' id='word_1_14' title='bbox 444 1654 571 1716; x_wconf 86' lang='lat' dir='ltr'><strong>tautum?</strong></span> <span class='ocrx_word' id='word_1_15' title='bbox 594 1664 783 1735; x_wconf 80' lang='lat' dir='ltr'>numquamne</span> <span class='ocrx_word' id='word_1_16' title='bbox 806 1673 963 1736; x_wconf 77' lang='lat' dir='ltr'><strong>reponam,</strong></span> 
     </span>
     <span class='ocr_line' id='line_1_8' title="bbox 78 1739 726 1804; baseline -0.005 0"><span class='ocrx_word' id='word_1_17' title='bbox 78 1745 214 1804; x_wconf 78' lang='lat' dir='ltr'><strong>Venatus</strong></span> <span class='ocrx_word' id='word_1_18' title='bbox 235 1740 322 1801; x_wconf 87' lang='lat' dir='ltr'><strong>toties</strong></span> <span class='ocrx_word' id='word_1_19' title='bbox 343 1741 423 1802; x_wconf 85' lang='lat' dir='ltr'><strong>rauci</strong></span> <span class='ocrx_word' id='word_1_20' title='bbox 444 1741 594 1804; x_wconf 82' lang='lat' dir='ltr'><strong>&#39;lheset&#39;de</strong></span> <span class='ocrx_word' id='word_1_21' title='bbox 617 1739 705 1802; x_wconf 75' lang='lat' dir='ltr'><strong>Cordi</strong></span> <span class='ocrx_word' id='word_1_22' title='bbox 712 1739 726 1801; x_wconf 80' lang='lat' dir='ltr'><strong>l</strong></span> 
     </span>
    </p>

    <p class='ocr_par' dir='ltr' id='par_1_7' title="bbox 78 1821 795 1906">
     <span class='ocr_line' id='line_1_9' title="bbox 78 1821 795 1906; baseline -0.003 -18"><span class='ocrx_word' id='word_1_23' title='bbox 78 1828 201 1906; x_wconf 82' lang='lat' dir='ltr'><strong>Impune</strong></span> <span class='ocrx_word' id='word_1_24' title='bbox 224 1841 296 1902; x_wconf 90' lang='lat' dir='ltr'><strong>ergo</strong></span> <span class='ocrx_word' id='word_1_25' title='bbox 315 1823 383 1884; x_wconf 87' lang='lat' dir='ltr'><strong>milvi</strong></span> <span class='ocrx_word' id='word_1_26' title='bbox 404 1826 571 1886; x_wconf 76' lang='lat' dir='ltr'><strong>recitaverit</strong></span> <span class='ocrx_word' id='word_1_27' title='bbox 592 1826 642 1886; x_wconf 88' lang='lat' dir='ltr'><strong>ille</strong></span> <span class='ocrx_word' id='word_1_28' title='bbox 665 1821 795 1904; x_wconf 82' lang='lat' dir='ltr'><strong>togatas,</strong></span> 
     </span>
    </p>

    <p class='ocr_par' dir='ltr' id='par_1_8' title="bbox 78 1905 876 1988">
     <span class='ocr_line' id='line_1_10' title="bbox 78 1905 876 1988; baseline -0.001 -18"><span class='ocrx_word' id='word_1_29' title='bbox 78 1911 136 1970; x_wconf 88' lang='lat' dir='ltr'><strong>llic</strong></span> <span class='ocrx_word' id='word_1_30' title='bbox 157 1905 282 1986; x_wconf 78' lang='lat' dir='ltr'><strong>elegos?</strong></span> <span class='ocrx_word' id='word_1_31' title='bbox 302 1909 418 1986; x_wconf 91' lang='lat' dir='ltr'><strong>impune</strong></span> <span class='ocrx_word' id='word_1_32' title='bbox 440 1909 517 1970; x_wconf 87' lang='lat' dir='ltr'><strong>diem</strong></span> <span class='ocrx_word' id='word_1_33' title='bbox 540 1911 752 1988; x_wconf 79' lang='lat' dir='ltr'><strong>consumpserit</strong></span> <span class='ocrx_word' id='word_1_34' title='bbox 773 1911 876 1986; x_wconf 88' lang='lat' dir='ltr'><strong>iugens</strong></span> 
     </span>
    </p>
   </div>
   <div class='ocr_carea' id='block_1_7' title="bbox 78 1991 1068 3640">
    <p class='ocr_par' dir='ltr' id='par_1_9' title="bbox 78 1991 1068 3409">
     <span class='ocr_line' id='line_1_11' title="bbox 79 1991 837 2072; baseline -0.005 -17"><span class='ocrx_word' id='word_1_35' title='bbox 79 1991 232 2072; x_wconf 85' lang='lat' dir='ltr'><strong>Telephus</strong></span> <span class='ocrx_word' id='word_1_36' title='bbox 252 2001 298 2052; x_wconf 90' lang='lat' dir='ltr'><strong>aut</strong></span> <span class='ocrx_word' id='word_1_37' title='bbox 321 1994 422 2053; x_wconf 91' lang='lat' dir='ltr'><strong>summi</strong></span> <span class='ocrx_word' id='word_1_38' title='bbox 441 1995 528 2072; x_wconf 91' lang='lat' dir='ltr'><strong>plena</strong></span> <span class='ocrx_word' id='word_1_39' title='bbox 548 1994 603 2054; x_wconf 89' lang='lat' dir='ltr'><strong>iam</strong></span> <span class='ocrx_word' id='word_1_40' title='bbox 624 1994 753 2070; x_wconf 84' lang='lat' dir='ltr'><strong>margine</strong></span> <span class='ocrx_word' id='word_1_41' title='bbox 771 1993 837 2052; x_wconf 90' lang='lat' dir='ltr'><strong>libri</strong></span> 
     </span>
     <span class='ocr_line' id='line_1_12' title="bbox 80 2073 867 2154; baseline -0.004 -17"><span class='ocrx_word' id='word_1_42' title='bbox 80 2078 215 2154; x_wconf 78' lang='lat' dir='ltr'><strong>Scriptus</strong></span> <span class='ocrx_word' id='word_1_43' title='bbox 240 2076 317 2135; x_wconf 90' lang='lat' dir='ltr'><strong>etin</strong></span> <span class='ocrx_word' id='word_1_44' title='bbox 339 2085 424 2154; x_wconf 87' lang='lat' dir='ltr'><strong>tergo</strong></span> <span class='ocrx_word' id='word_1_45' title='bbox 442 2095 498 2137; x_wconf 90' lang='lat' dir='ltr'><strong>nec</strong></span> <span class='ocrx_word' id='word_1_46' title='bbox 520 2078 585 2137; x_wconf 91' lang='lat' dir='ltr'><strong>dum</strong></span> <span class='ocrx_word' id='word_1_47' title='bbox 607 2079 701 2137; x_wconf 90' lang='lat' dir='ltr'><strong>linitus</strong></span> <span class='ocrx_word' id='word_1_48' title='bbox 725 2073 867 2136; x_wconf 80' lang='lat' dir='ltr'><strong>Orestes?</strong></span> 
     </span>
     <span class='ocr_line' id='line_1_13' title="bbox 79 2158 941 2238; baseline -0.001 -18"><span class='ocrx_word' id='word_1_49' title='bbox 79 2159 157 2220; x_wconf 89' lang='lat' dir='ltr'><strong>Nota</strong></span> <span class='ocrx_word' id='word_1_50' title='bbox 179 2160 271 2237; x_wconf 90' lang='lat' dir='ltr'><strong>magis</strong></span> <span class='ocrx_word' id='word_1_51' title='bbox 292 2159 363 2220; x_wconf 94' lang='lat' dir='ltr'><strong>nulli</strong></span> <span class='ocrx_word' id='word_1_52' title='bbox 385 2160 486 2220; x_wconf 90' lang='lat' dir='ltr'><strong>domus</strong></span> <span class='ocrx_word' id='word_1_53' title='bbox 507 2171 551 2221; x_wconf 87' lang='lat' dir='ltr'><strong>est</strong></span> <span class='ocrx_word' id='word_1_54' title='bbox 571 2180 637 2236; x_wconf 84' lang='lat' dir='ltr'><strong>sua,</strong></span> <span class='ocrx_word' id='word_1_55' title='bbox 661 2177 746 2238; x_wconf 87' lang='lat' dir='ltr'><strong>quam</strong></span> <span class='ocrx_word' id='word_1_56' title='bbox 768 2158 836 2218; x_wconf 86' lang='lat' dir='ltr'><strong>milti</strong></span> <span class='ocrx_word' id='word_1_57' title='bbox 858 2158 941 2219; x_wconf 91' lang='lat' dir='ltr'><strong>lucus</strong></span> 
     </span>
     <span class='ocr_line' id='line_1_14' title="bbox 78 2243 781 2323; baseline -0.006 -18"><span class='ocrx_word' id='word_1_58' title='bbox 78 2243 182 2305; x_wconf 78' lang='lat' dir='ltr'><strong>Martis</strong></span> <span class='ocrx_word' id='word_1_59' title='bbox 204 2252 233 2302; x_wconf 85' lang='lat' dir='ltr'><strong>et</strong></span> <span class='ocrx_word' id='word_1_60' title='bbox 254 2243 367 2304; x_wconf 81' lang='lat' dir='ltr'><strong>Aeoliis</strong></span> <span class='ocrx_word' id='word_1_61' title='bbox 388 2246 512 2304; x_wconf 89' lang='lat' dir='ltr'><strong>vicinum</strong></span> <span class='ocrx_word' id='word_1_62' title='bbox 533 2245 781 2323; x_wconf 84' lang='lat' dir='ltr'><strong>rupibusantrum</strong></span> 
     </span>
     <span class='ocr_line' id='line_1_15' title="bbox 80 2325 929 2407; baseline -0.008 -15"><span class='ocrx_word' id='word_1_63' title='bbox 80 2326 215 2392; x_wconf 79' lang='lat' dir='ltr'><strong>llulcani.</strong></span> <span class='ocrx_word' id='word_1_64' title='bbox 245 2326 320 2400; x_wconf 82' lang='lat' dir='ltr'><strong>Quid</strong></span> <span class='ocrx_word' id='word_1_65' title='bbox 342 2338 427 2406; x_wconf 88' lang='lat' dir='ltr'><strong>agant</strong></span> <span class='ocrx_word' id='word_1_66' title='bbox 449 2330 545 2404; x_wconf 87' lang='lat' dir='ltr'><strong>venti,</strong></span> <span class='ocrx_word' id='word_1_67' title='bbox 568 2346 639 2407; x_wconf 87' lang='lat' dir='ltr'><strong>quas</strong></span> <span class='ocrx_word' id='word_1_68' title='bbox 660 2335 794 2406; x_wconf 83' lang='lat' dir='ltr'><strong>torqueat</strong></span> <span class='ocrx_word' id='word_1_69' title='bbox 813 2325 929 2386; x_wconf 87' lang='lat' dir='ltr'><strong>umbras</strong></span> 
     </span>
     <span class='ocr_line' id='line_1_16' title="bbox 79 2411 1068 2485; baseline 0.001 -16"><span class='ocrx_word' id='word_1_70' title='bbox 79 2412 215 2485; x_wconf 86' lang='lat' dir='ltr'><strong>Aeacus,</strong></span> <span class='ocrx_word' id='word_1_71' title='bbox 239 2412 315 2471; x_wconf 91' lang='lat' dir='ltr'><strong>unde</strong></span> <span class='ocrx_word' id='word_1_72' title='bbox 337 2411 410 2471; x_wconf 91' lang='lat' dir='ltr'><strong>alius</strong></span> <span class='ocrx_word' id='word_1_73' title='bbox 429 2413 553 2473; x_wconf 84' lang='lat' dir='ltr'><strong>furtivae</strong></span> <span class='ocrx_word' id='word_1_74' title='bbox 572 2411 698 2472; x_wconf 88' lang='lat' dir='ltr'><strong>devehat</strong></span> <span class='ocrx_word' id='word_1_75' title='bbox 720 2429 819 2471; x_wconf 91' lang='lat' dir='ltr'><strong>aurum</strong></span> <span class='ocrx_word' id='word_1_76' title='bbox 1035 2419 1068 2471; x_wconf 91' lang='lat'><strong>10</strong></span> 
     </span>
     <span class='ocr_line' id='line_1_17' title="bbox 78 2493 999 2575; baseline -0.002 -21"><span class='ocrx_word' id='word_1_77' title='bbox 78 2493 259 2570; x_wconf 81' lang='lat' dir='ltr'><strong>l’elliculae,</strong></span> <span class='ocrx_word' id='word_1_78' title='bbox 282 2504 403 2575; x_wconf 88' lang='lat' dir='ltr'><strong>quantas</strong></span> <span class='ocrx_word' id='word_1_79' title='bbox 423 2497 565 2557; x_wconf 86' lang='lat' dir='ltr'><strong>iaculetur</strong></span> <span class='ocrx_word' id='word_1_80' title='bbox 587 2495 746 2570; x_wconf 76' lang='lat' dir='ltr'><strong>Monychus</strong></span> <span class='ocrx_word' id='word_1_81' title='bbox 769 2510 874 2569; x_wconf 83' lang='lat' dir='ltr'><strong>ornos,</strong></span> <span class='ocrx_word' id='word_1_82' title='bbox 996 2519 999 2526; x_wconf 53' lang='lat'><strong><em>⁴</em></strong></span> 
     </span>
     <span class='ocr_line' id='line_1_18' title="bbox 78 2577 894 2659; baseline -0.001 -21"><span class='ocrx_word' id='word_1_83' title='bbox 78 2577 237 2638; x_wconf 87' lang='lat' dir='ltr'><strong>Frontonis</strong></span> <span class='ocrx_word' id='word_1_84' title='bbox 256 2579 363 2656; x_wconf 88' lang='lat' dir='ltr'><strong>platani</strong></span> <span class='ocrx_word' id='word_1_85' title='bbox 385 2581 583 2659; x_wconf 84' lang='lat' dir='ltr'><strong>convulsaque</strong></span> <span class='ocrx_word' id='word_1_86' title='bbox 604 2596 748 2639; x_wconf 87' lang='lat' dir='ltr'><strong>marmora</strong></span> <span class='ocrx_word' id='word_1_87' title='bbox 771 2579 894 2640; x_wconf 89' lang='lat' dir='ltr'><strong>clamant</strong></span> 
     </span>
     <span class='ocr_line' id='line_1_19' title="bbox 80 2662 840 2742; baseline 0.001 -22"><span class='ocrx_word' id='word_1_88' title='bbox 80 2664 206 2738; x_wconf 90' lang='lat' dir='ltr'><strong>Semper</strong></span> <span class='ocrx_word' id='word_1_89' title='bbox 226 2669 255 2721; x_wconf 89' lang='lat' dir='ltr'><strong>et</strong></span> <span class='ocrx_word' id='word_1_90' title='bbox 277 2663 393 2723; x_wconf 91' lang='lat' dir='ltr'><strong>assiduo</strong></span> <span class='ocrx_word' id='word_1_91' title='bbox 413 2674 516 2742; x_wconf 87' lang='lat' dir='ltr'><strong>ruptae</strong></span> <span class='ocrx_word' id='word_1_92' title='bbox 539 2664 652 2724; x_wconf 89' lang='lat' dir='ltr'><strong>lectore</strong></span> <span class='ocrx_word' id='word_1_93' title='bbox 673 2662 840 2725; x_wconf 87' lang='lat' dir='ltr'><strong>columnae:</strong></span> 
     </span>
     <span class='ocr_line' id='line_1_20' title="bbox 79 2743 858 2825; baseline 0.003 -23"><span class='ocrx_word' id='word_1_94' title='bbox 79 2743 249 2822; x_wconf 79' lang='lat' dir='ltr'><strong>[inspectes</strong></span> <span class='ocrx_word' id='word_1_95' title='bbox 272 2747 410 2808; x_wconf 81' lang='lat' dir='ltr'><strong>eudemo</strong></span> <span class='ocrx_word' id='word_1_96' title='bbox 432 2764 540 2807; x_wconf 92' lang='lat' dir='ltr'><strong>summo</strong></span> <span class='ocrx_word' id='word_1_97' title='bbox 563 2749 737 2825; x_wconf 89' lang='lat' dir='ltr'><strong>minimoque</strong></span> <span class='ocrx_word' id='word_1_98' title='bbox 760 2755 858 2824; x_wconf 87' lang='lat' dir='ltr'><strong>poeta.</strong></span> 
     </span>
     <span class='ocr_line' id='line_1_21' title="bbox 79 2826 1065 2906; baseline 0.002 -20"><span class='ocrx_word' id='word_1_99' title='bbox 79 2826 117 2887; x_wconf 83' lang='lat' dir='ltr'><strong>Et</strong></span> <span class='ocrx_word' id='word_1_100' title='bbox 137 2843 192 2887; x_wconf 93' lang='lat' dir='ltr'><strong>uos</strong></span> <span class='ocrx_word' id='word_1_101' title='bbox 210 2845 283 2906; x_wconf 87' lang='lat' dir='ltr'><strong>ergo</strong></span> <span class='ocrx_word' id='word_1_102' title='bbox 303 2849 415 2891; x_wconf 90' lang='lat' dir='ltr'><strong>manum</strong></span> <span class='ocrx_word' id='word_1_103' title='bbox 435 2831 547 2892; x_wconf 86' lang='lat' dir='ltr'><strong>ferulae</strong></span> <span class='ocrx_word' id='word_1_104' title='bbox 571 2832 772 2904; x_wconf 84' lang='lat' dir='ltr'><strong>subduximus,</strong></span> <span class='ocrx_word' id='word_1_105' title='bbox 796 2839 824 2888; x_wconf 90' lang='lat' dir='ltr'><strong>et</strong></span> <span class='ocrx_word' id='word_1_106' title='bbox 844 2843 897 2886; x_wconf 92' lang='lat' dir='ltr'><strong>uos</strong></span> <span class='ocrx_word' id='word_1_107' title='bbox 1033 2839 1065 2888; x_wconf 83' lang='lat'><strong>15</strong></span> 
     </span>
     <span class='ocr_line' id='line_1_22' title="bbox 80 2907 846 2992; baseline 0.001 -22"><span class='ocrx_word' id='word_1_108' title='bbox 80 2907 240 2971; x_wconf 83' lang='lat' dir='ltr'><strong>Consilium</strong></span> <span class='ocrx_word' id='word_1_109' title='bbox 261 2913 393 2974; x_wconf 82' lang='lat' dir='ltr'><strong>dedimus</strong></span> <span class='ocrx_word' id='word_1_110' title='bbox 416 2915 532 2990; x_wconf 85' lang='lat' dir='ltr'><strong>Sullae,</strong></span> <span class='ocrx_word' id='word_1_111' title='bbox 555 2917 684 2992; x_wconf 88' lang='lat' dir='ltr'><strong>privatus</strong></span> <span class='ocrx_word' id='word_1_112' title='bbox 706 2922 738 2972; x_wconf 93' lang='lat' dir='ltr'><strong>ut</strong></span> <span class='ocrx_word' id='word_1_113' title='bbox 760 2912 846 2972; x_wconf 90' lang='lat' dir='ltr'><strong>altum</strong></span> 
     </span>
     <span class='ocr_line' id='line_1_23' title="bbox 79 2994 898 3076; baseline -0.001 -23"><span class='ocrx_word' id='word_1_114' title='bbox 79 2994 241 3064; x_wconf 79' lang='lat' dir='ltr'><strong>Dormiret3</strong></span> <span class='ocrx_word' id='word_1_115' title='bbox 263 2997 349 3057; x_wconf 89' lang='lat' dir='ltr'><strong>stulta</strong></span> <span class='ocrx_word' id='word_1_116' title='bbox 368 3009 412 3058; x_wconf 90' lang='lat' dir='ltr'><strong>est</strong></span> <span class='ocrx_word' id='word_1_117' title='bbox 435 2999 603 3075; x_wconf 87' lang='lat' dir='ltr'><strong>clementia,</strong></span> <span class='ocrx_word' id='word_1_118' title='bbox 623 3015 709 3076; x_wconf 92' lang='lat' dir='ltr'><strong>quum</strong></span> <span class='ocrx_word' id='word_1_119' title='bbox 727 3004 771 3056; x_wconf 89' lang='lat' dir='ltr'><strong>tot</strong></span> <span class='ocrx_word' id='word_1_120' title='bbox 790 2995 898 3072; x_wconf 87' lang='lat' dir='ltr'><strong>ubique</strong></span> 
     </span>
     <span class='ocr_line' id='line_1_24' title="bbox 79 3077 844 3160; baseline -0.001 -23"><span class='ocrx_word' id='word_1_121' title='bbox 79 3077 202 3138; x_wconf 86' lang='lat' dir='ltr'><strong>Vatibus</strong></span> <span class='ocrx_word' id='word_1_122' title='bbox 223 3096 380 3158; x_wconf 77' lang='lat' dir='ltr'><strong>occurras,</strong></span> <span class='ocrx_word' id='word_1_123' title='bbox 401 3084 549 3160; x_wconf 90' lang='lat' dir='ltr'><strong>periturae</strong></span> <span class='ocrx_word' id='word_1_124' title='bbox 570 3099 694 3160; x_wconf 90' lang='lat' dir='ltr'><strong>parcere</strong></span> <span class='ocrx_word' id='word_1_125' title='bbox 717 3079 844 3139; x_wconf 88' lang='lat' dir='ltr'><strong>chartae.</strong></span> 
     </span>
     <span class='ocr_line' id='line_1_25' title="bbox 80 3159 883 3243; baseline -0.001 -22"><span class='ocrx_word' id='word_1_126' title='bbox 80 3159 139 3222; x_wconf 76' lang='lat' dir='ltr'><strong>Cur</strong></span> <span class='ocrx_word' id='word_1_127' title='bbox 160 3171 256 3222; x_wconf 85' lang='lat' dir='ltr'><strong>tamen</strong></span> <span class='ocrx_word' id='word_1_128' title='bbox 276 3163 333 3225; x_wconf 92' lang='lat' dir='ltr'><strong>hoc</strong></span> <span class='ocrx_word' id='word_1_129' title='bbox 355 3166 450 3243; x_wconf 90' lang='lat' dir='ltr'><strong>potius</strong></span> <span class='ocrx_word' id='word_1_130' title='bbox 473 3165 563 3226; x_wconf 87' lang='lat' dir='ltr'><strong>libeat</strong></span> <span class='ocrx_word' id='word_1_131' title='bbox 584 3166 746 3225; x_wconf 89' lang='lat' dir='ltr'><strong>decurrere</strong></span> <span class='ocrx_word' id='word_1_132' title='bbox 765 3178 883 3241; x_wconf 89' lang='lat' dir='ltr'><strong>campo,</strong></span> 
     </span>
     <span class='ocr_line' id='line_1_26' title="bbox 78 3243 1065 3328; baseline 0.003 -25"><span class='ocrx_word' id='word_1_133' title='bbox 78 3243 134 3304; x_wconf 90' lang='lat' dir='ltr'><strong>Per</strong></span> <span class='ocrx_word' id='word_1_134' title='bbox 158 3263 243 3324; x_wconf 86' lang='lat' dir='ltr'><strong>quem</strong></span> <span class='ocrx_word' id='word_1_135' title='bbox 263 3266 384 3325; x_wconf 85' lang='lat' dir='ltr'><strong>magnus</strong></span> <span class='ocrx_word' id='word_1_136' title='bbox 406 3265 498 3328; x_wconf 90' lang='lat' dir='ltr'><strong>equos</strong></span> <span class='ocrx_word' id='word_1_137' title='bbox 519 3249 672 3309; x_wconf 84' lang='lat' dir='ltr'><strong>Auruncae</strong></span> <span class='ocrx_word' id='word_1_138' title='bbox 695 3247 775 3308; x_wconf 84' lang='lat' dir='ltr'><strong>flexit</strong></span> <span class='ocrx_word' id='word_1_139' title='bbox 798 3247 945 3322; x_wconf 82' lang='lat' dir='ltr'><strong>alumnus,</strong></span> <span class='ocrx_word' id='word_1_140' title='bbox 1032 3256 1065 3306; x_wconf 79' lang='lat'><strong>2⁰</strong></span> 
     </span>
     <span class='ocr_line' id='line_1_27' title="bbox 79 3329 862 3409; baseline 0.004 -20"><span class='ocrx_word' id='word_1_141' title='bbox 79 3329 109 3389; x_wconf 86' lang='lat' dir='ltr'><strong>Si</strong></span> <span class='ocrx_word' id='word_1_142' title='bbox 128 3339 215 3390; x_wconf 87' lang='lat' dir='ltr'><strong>vacat</strong></span> <span class='ocrx_word' id='word_1_143' title='bbox 237 3348 272 3390; x_wconf 91' lang='lat' dir='ltr'><strong>ac</strong></span> <span class='ocrx_word' id='word_1_144' title='bbox 293 3332 400 3409; x_wconf 88' lang='lat' dir='ltr'><strong>placidi</strong></span> <span class='ocrx_word' id='word_1_145' title='bbox 423 3333 563 3393; x_wconf 89' lang='lat' dir='ltr'><strong>rationem</strong></span> <span class='ocrx_word' id='word_1_146' title='bbox 585 3332 746 3407; x_wconf 83' lang='lat' dir='ltr'><strong>admittitis,</strong></span> <span class='ocrx_word' id='word_1_147' title='bbox 770 3329 862 3392; x_wconf 91' lang='lat' dir='ltr'><strong>edam.</strong></span> 
     </span>
    </p>

    <p class='ocr_par' dir='ltr' id='par_1_10' title="bbox 78 3413 993 3575">
     <span class='ocr_line' id='line_1_28' title="bbox 138 3413 993 3494; baseline -0.002 -22"><span class='ocrx_word' id='word_1_148' title='bbox 138 3413 234 3487; x_wconf 78' lang='lat' dir='ltr'><strong>Quum</strong></span> <span class='ocrx_word' id='word_1_149' title='bbox 255 3423 339 3474; x_wconf 87' lang='lat' dir='ltr'><strong>tener</strong></span> <span class='ocrx_word' id='word_1_150' title='bbox 361 3431 482 3476; x_wconf 82' lang='lat' dir='ltr'><strong>uxorem</strong></span> <span class='ocrx_word' id='word_1_151' title='bbox 502 3418 587 3477; x_wconf 88' lang='lat' dir='ltr'><strong>ducat</strong></span> <span class='ocrx_word' id='word_1_152' title='bbox 608 3415 716 3494; x_wconf 84' lang='lat' dir='ltr'><strong>spado,</strong></span> <span class='ocrx_word' id='word_1_153' title='bbox 735 3413 848 3474; x_wconf 83' lang='lat' dir='ltr'><strong>liaevia</strong></span> <span class='ocrx_word' id='word_1_154' title='bbox 870 3413 993 3474; x_wconf 82' lang='lat' dir='ltr'><strong>Tuscum</strong></span> 
     </span>
     <span class='ocr_line' id='line_1_29' title="bbox 78 3493 865 3575; baseline 0.008 -21"><span class='ocrx_word' id='word_1_155' title='bbox 78 3493 161 3573; x_wconf 82' lang='lat' dir='ltr'><strong>Figat</strong></span> <span class='ocrx_word' id='word_1_156' title='bbox 183 3514 284 3575; x_wconf 88' lang='lat' dir='ltr'><strong>aprum</strong></span> <span class='ocrx_word' id='word_1_157' title='bbox 307 3506 335 3557; x_wconf 89' lang='lat' dir='ltr'><strong>et</strong></span> <span class='ocrx_word' id='word_1_158' title='bbox 354 3498 428 3558; x_wconf 94' lang='lat' dir='ltr'><strong>nuda</strong></span> <span class='ocrx_word' id='word_1_159' title='bbox 451 3509 550 3561; x_wconf 89' lang='lat' dir='ltr'><strong>teneat</strong></span> <span class='ocrx_word' id='word_1_160' title='bbox 570 3498 714 3561; x_wconf 88' lang='lat' dir='ltr'><strong>venabula</strong></span> <span class='ocrx_word' id='word_1_161' title='bbox 735 3514 865 3560; x_wconf 88' lang='lat' dir='ltr'><strong>mamma:</strong></span> 
     </span>
    </p>

    <p class='ocr_par' dir='ltr' id='par_1_11' title="bbox 116 3581 857 3640">
     <span class='ocr_line' id='line_1_30' title="bbox 116 3581 857 3640; baseline 0.004 -3"><span class='ocrx_word' id='word_1_162' title='bbox 116 3597 175 3640; x_wconf 79' lang='lat' dir='ltr'><strong>suu.</strong></span> <span class='ocrx_word' id='word_1_163' title='bbox 192 3599 252 3638; x_wconf 76' lang='lat' dir='ltr'><strong>sur.</strong></span> <span class='ocrx_word' id='word_1_164' title='bbox 647 3618 649 3621; x_wconf 94' lang='lat'>-</span> <span class='ocrx_word' id='word_1_165' title='bbox 841 3581 857 3640; x_wconf 87' lang='lat'>1</span> 
     </span>
    </p>
   </div>
   <div class='ocr_carea' id='block_1_8' title="bbox 0 0 1304 4006">
    <p class='ocr_par' dir='ltr' id='par_1_12' title="bbox 0 0 1304 4006">
     <span class='ocr_line' id='line_1_31' title="bbox 0 0 1304 4006; baseline 0 0"><span class='ocrx_word' id='word_1_166' title='bbox 0 0 1304 4006; x_wconf 95' lang='lat' dir='ltr'><strong> </strong></span> 
     </span>
    </p>
   </div>
  </div>
 </body>
</html>
