2600 4006
503 244 646 294 sarran
666 248 699 294 v.
1062 241 1101 300 25

108 381 254 442 Frivola
284 382 368 456 Quod
391 401 476 461 quum
498 385 536 445 ita
558 387 611 460 sit,
637 382 666 445 tu
689 386 839 448 Gaetulum
864 387 1058 464 Ganymedem

108 465 251 543 Respice,
276 484 361 544 quum
382 467 473 526 sities.
519 466 621 528 Nescit
642 478 684 529 tot
715 470 829 531 milibus
855 481 968 552 emptus
1059 487 1102 538 <60

107 548 289 626 Pauperibus
310 552 436 610 miscere
459 568 547 628 puer:
569 553 624 612 sed
647 554 757 630 larana,
781 555 834 615 sed
857 565 937 616 aetas

108 632 203 708 Digna
227 633 401 710 supercilio;
430 634 544 713 quando
569 636 604 696 ad
629 646 657 695 te
682 640 816 714 pervenit
838 637 912 698 illei

107 715 232 788 Quando
255 726 374 794 rogatus
395 718 479 778 adest
502 719 614 780 calidae
637 720 813 801 gelidaeque
834 722 985 782 minister?

108 799 227 877 Quippe
249 800 412 878 indignatur
435 804 529 862 veteri
552 821 659 881 parere
682 805 793 880 clienti,

107 882 252 962 Quodque
275 885 383 964 aliquid
405 902 529 963 poscas,
552 895 582 946 et
603 888 681 965 quod
704 907 737 948 se
761 899 854 950 stante
878 891 1041 952 recumbas.
1066 904 1100 956 65

108 965 231 1028 blasima
254 986 386 1047 quaeque
410 969 511 1030 domus
534 973 629 1030 servis
652 980 698 1031 est
721 973 808 1051 plena
830 974 975 1052 superbis.

107 1049 189 1110 Ecce
211 1051 283 1110 alius
307 1063 414 1130 quanto
438 1056 572 1132 porrexit
593 1073 737 1116 murmure
760 1075 864 1134 panem

105 1134 165 1194 Vix
186 1134 323 1212 fractum,
348 1136 460 1199 solidae
483 1140 539 1198 iam
561 1140 675 1199 mucida
697 1140 788 1201 lrusta
809 1141 932 1218 farinae,

106 1216 190 1292 Quae
211 1221 366 1296 genuinum
390 1223 517 1298 agitent,
541 1238 598 1281 non
621 1223 798 1284 admittentia
823 1242 965 1286 morsum:

106 1303 167 1362 Sed
190 1311 275 1362 tener
296 1313 325 1364 et
347 1305 450 1364 niveus
473 1305 613 1384 mollique
635 1305 749 1384 siligine
773 1308 867 1368 iactus
1065 1320 1099 1374 to

105 1386 247 1445 Servatur
269 1387 395 1447 domino.
440 1388 578 1449 Dextram
601 1389 741 1450 cohibere
764 1401 927 1461 memento;

105 1470 194 1530 Salva
216 1471 253 1529 sit
275 1480 408 1551 artoptae
430 1473 613 1533 reverentia!
640 1474 719 1552 linge
741 1484 836 1535 tamen
859 1485 889 1536 te

103 1553 321 1632 lmprobulum,
345 1565 482 1634 superest
504 1557 565 1616 illic
585 1559 634 1636 qui
657 1575 769 1635 ponere
791 1568 896 1636 cogat:

103 1637 157 1697 Vis
180 1646 210 1697 tu
232 1641 380 1699 consuetis
401 1640 496 1702 audax
520 1643 642 1702 conviva
665 1644 798 1702 canistris

105 1721 223 1799 lmpleri
248 1724 390 1804 panisque
412 1725 452 1785 tui
474 1727 593 1784 novisse
619 1723 827 1786 coloremt-
1063 1737 1096 1792 it

104 1805 226 1866 Scilicet
246 1807 304 1867 boo
327 1809 441 1883 luerat,
464 1818 587 1888 propter
611 1811 688 1888 quod
713 1828 804 1889 saepe
825 1810 928 1872 relicta

105 1887 239 1967 Coniuge
261 1910 316 1970 per
337 1900 464 1952 montem
488 1894 642 1954 adversum
663 1893 836 1972 gelidasque
860 1897 974 1955 cucurri

104 1972 270 2052 Esquilias,
292 1977 433 2036 fremeret
454 1995 544 2038 saeva
567 1996 653 2056 quum
674 1978 816 2055 grandine
837 1996 945 2038 vernus

103 2059 235 2136 luppiter
258 2069 287 2120 ct
309 2060 397 2120 multo
421 2060 545 2121 stillaret
566 2061 691 2138 paenula
713 2061 880 2120 nimbo!-

103 2143 234 2221 Aspice,
256 2163 341 2223 quam
364 2143 454 2221 longo
477 2145 622 2205 distendat
645 2153 769 2224 pectore
791 2145 917 2221 lancem,
1062 2159 1098 2209 80

104 2226 187 2301 Quae
210 2227 303 2288 fertur
325 2228 442 2288 domino
465 2229 586 2306 squilla,
614 2237 644 2288 et
666 2227 771 2307 quibus
794 2228 920 2306 undique
944 2238 1026 2308 septa

103 2311 282 2389 Asparagis,
307 2330 363 2391 qua
384 2313 531 2391 despiciat
551 2313 683 2372 convivia
706 2312 809 2389 cauda,

101 2395 176 2456 Dum
206 2398 286 2458 venit
322 2395 435 2456 excelsi
460 2396 590 2456 manibus
612 2396 726 2456 sublata
747 2397 884 2456 ministri:

103 2478 163 2538 Sed
186 2478 238 2537 tibi
260 2480 376 2539 dimidio
402 2481 577 2541 constrictus
600 2498 760 2541 cammarus
783 2497 841 2540 oro

103 2563 222 2622 Ponitur
244 2565 350 2641 exigua
373 2563 475 2624 ieralis
499 2581 592 2624 coena
615 2564 734 2643 patella.
1061 2573 1097 2628 8⁵

101 2645 171 2723 lpse
196 2645 363 2707 Venafrano
386 2649 498 2726 piscem
520 2648 681 2726 perfundit:
706 2658 735 2708 at
756 2648 820 2723 bic,
843 2650 891 2726 qui

102 2729 231 2790 Pallidus
247 2731 374 2792 'affertur
394 2733 503 2792 misero
524 2731 575 2792 tibi
599 2733 709 2810 caulis,
736 2732 828 2793 olebit

102 2811 288 2882 Lanternam;
312 2816 382 2876 illud
407 2812 482 2875 enim
505 2817 611 2876 restris
634 2817 717 2876 datur
740 2817 882 2893 alveolis,
906 2817 983 2895 quod

103 2894 202 2958 Gauua
224 2897 411 2978 Micipsarum
433 2917 521 2979 prora
543 2900 679 2960 subrexit
700 2909 795 2967 acuta;

101 2981 228 3059 Propter
248 2984 326 3061 quod
348 2982 460 3044 Romae
482 3002 545 3044 cum
567 2983 700 3044 Boccare
724 2999 808 3041 nemo
829 2982 952 3058 lavatur,
1062 2993 1096 3046 90

103 3064 202 3142 [Quod
226 3075 303 3126 tutos
329 3068 415 3126 etiam
437 3068 545 3128 facita
567 3064 753 3145 serpentibus
776 3065 870 3142 atris}

102 3146 209 3208 Mullus
232 3152 287 3209 erit
312 3151 435 3226 domini,
460 3169 546 3230 quem
567 3152 643 3210 misit
666 3147 803 3225 Corsica,
825 3148 875 3209 vel
898 3168 984 3228 quem

102 3231 365 3295 Tauromenitanae
388 3253 495 3314 rupes,
518 3235 633 3315 quando
658 3251 743 3294 omne
765 3242 916 3312 peractum
939 3242 983 3292 est

101 3313 139 3374 Et
160 3317 215 3376 iam
238 3317 350 3378 deiecit
370 3329 499 3379 nostrum
520 3337 616 3396 mare,
639 3319 714 3379 dum·
727 3317 795 3395 gula
820 3318 923 3392 saevit,

100 3397 225 3460 lietibns
249 3402 374 3462 assiduis
397 3405 512 3481 penitus
535 3411 682 3463 scrutante
709 3401 834 3462 macello
1060 3411 1094 3463 95

102 3481 252 3562 Proxima,
276 3503 333 3545 nec
354 3488 476 3564 patimur
499 3486 677 3561 Tyrrhenum
701 3503 839 3546 crescere
861 3486 980 3564 piscem
