2600 4006
515 239 724 290 PRAEFATIO.
1006 243 1096 292 XXIII

108 385 229 457 plurimis,
240 383 399 440 monetata.
407 382 499 443 c.Pith.
512 391 537 439 et
542 381 650 454 Rupert,
661 385 727 457 quasi
740 386 769 440 de
779 401 880 442 numero
888 401 995 454 casuum,
1007 403 1055 443 non
1066 387 1096 443 de

109 468 245 542 frequentia
256 475 349 539 agatur,
358 482 495 541 quaequam
504 484 575 539 coepe
585 468 666 538 potius
676 469 797 539 postulat;
811 483 889 542 neque
899 485 954 526 vasa
966 471 1029 526 aliud
1039 479 1095 528 sont

109 569 139 608 ac
149 559 236 620 testae,
248 551 338 624 quassi
351 551 380 606 ad
391 551 504 607 imbrices
516 551 604 606 reterre
616 552 738 618 malueris,
750 552 796 607 hae
807 568 850 608 cur
860 560 933 609 nocte
943 555 1095 624 potissimum

109 637 205 701 cadant,
214 650 287 708 aegre
294 635 414 705 explices;
426 641 520 691 tantum
527 635 601 706 igitur
612 635 680 691 abest
691 643 718 692 ut
729 651 786 692 cum
792 634 908 707 Rupertio
915 637 1095 696 ethlansouedo

108 719 653 792 tripliaa'pen'oolocogitarelioeatqucdaoctu
659 720 797 776 matthae
803 719 1094 788 Romoaiustet,utomuia

109 805 139 860 ad
145 818 258 859 vasorum
266 818 335 858 casus
344 803 530 858 relerendasint.
541 833 577 844 -
586 802 637 859 Sat.
645 805 684 860 lv.
691 821 713 860 v.
721 809 738 863 9
745 806 827 860 obtuto
834 805 888 862 libri
900 821 998 867 omnes;
1010 806 1094 862 admo

108 887 205 943 Iahnius
217 903 240 942 c.
251 885 398 942 Scholiasta:
417 887 496 942 miuus
511 893 594 951 acute;
606 889 735 945 clvindic.
748 904 771 960 p.
780 894 847 948 8.-·
856 890 925 948 1197
937 889 1093 945 inhabilitate

108 971 171 1042 Rup.
185 977 209 1026 et
222 970 280 1028 Aah.
294 986 349 1025 cnm
360 971 427 1025 libris
444 971 577 1042 plerisque;
595 989 645 1028 urm
656 973 752 1028 Iahnius
764 989 785 1028 c.
799 972 899 1028 Pithoeo
911 979 936 1027 et
946 973 1091 1032 Heinrichio.

108 1061 245 1111 nouantem
258 1069 314 1110 cum
320 1053 460 1124 Pithoeano,
472 1055 641 1127 inquolacuna
653 1059 732 1126 potius
742 1057 842 1112 duaurm
848 1057 970 1112 literarum
979 1063 1031 1121 cst;
1041 1073 1092 1112 uon

108 1141 184 1211 igitur
195 1140 261 1194 omni
273 1139 859 1213 auctoritatecaret.—V.120intueoumvulg.,
871 1158 898 1195 m
907 1141 998 1196 loevam
1008 1140 1091 1204 lahu.;

108 1231 132 1278 at
141 1224 164 1278 in
171 1221 235 1277 Pith.
245 1228 282 1278 est
292 1222 365 1288 tumn,
373 1223 470 1294 quodad
476 1223 565 1278 laevom
571 1224 692 1280 remittere
703 1225 751 1281 dixi
757 1225 850 1280 Vindio.
860 1240 886 1296 p.
894 1229 919 1283 8.
929 1253 966 1264 —
975 1223 1060 1281 Satll.
1067 1239 1090 1281 v.

108 1307 332 1378 51,quemlahuius
339 1323 360 1363 o.
367 1306 484 1380 Pinzgero
492 1314 516 1362 et
522 1307 658 1364 heinrichio
666 1309 792 1375 damnavit,
801 1309 992 1381 interpungendo
998 1309 1090 1365 salvum

107 1391 257 1461 praestitisse
268 1391 364 1454 videam
383 1392 423 1462 qui
434 1397 461 1446 ut
471 1391 555 1446 abesse
565 1393 653 1462 possit,
665 1394 754 1448 omisso
765 1399 845 1448 amen
856 1393 1019 1449 mombromm
1032 1409 1090 1450 oon·

108 1476 209 1530 cinnitas
233 1475 407 1539 debilitabitur,
425 1491 486 1547 quae
503 1476 576 1531 olium
592 1493 678 1550 aquom
697 1493 745 1532 uno
768 1475 920 1532 hemistichia
943 1477 1033 1533 absolvi
1049 1478 1089 1532 vix

107 1561 172 1615 tinit.
201 1559 253 1614 alia
265 1575 336 1614 causa
354 1566 391 1614 est
401 1575 423 1614 v.
435 1563 478 1626 91,
491 1575 561 1632 quem
574 1561 625 1630 ipse
640 1560 785 1616 Pithoeanus
796 1560 906 1633 ignorat;
920 1567 944 1615 at
954 1562 992 1616 rel
1001 1577 1024 1618 v.
1038 1563 1089 1619 140

107 1643 216 1716 quamvis
232 1643 352 1699 elumbem
369 1650 393 1698 et
412 1644 442 1698 ad
458 1643 547 1700 leonini
564 1645 669 1715 speciem
681 1645 841 1716 compositum
855 1645 942 1701 sicum
954 1644 1035 1700 lahnio
1047 1659 1089 1700 ex·

106 1727 209 1798 pulcris,
224 1727 329 1783 hiulcam
345 1727 478 1783 orationem
496 1728 593 1795 leceris,
610 1745 657 1785 uec
675 1730 755 1785 minus
771 1730 820 1784 loci
837 1729 972 1784 communis
989 1730 1027 1784 ius
1043 1729 1087 1784 erit

106 1827 178 1884 mam
184 1811 235 1868 Vll.
249 1815 298 1871 145
310 1828 368 1866 roro
377 1812 404 1866 tn
413 1812 479 1866 maai
484 1813 601 1884 scaradio
606 1831 706 1886 panno,
718 1814 782 1887 quod
792 1815 813 1868 si
823 1814 928 1868 maxime
938 1813 1005 1869 illum
1016 1813 1087 1868 scribi

107 1896 242 1951 aluvenale
254 1896 361 1967 potuisse
371 1897 511 1968 negaveris,
530 1897 602 1952 alium
613 1899 694 1968 potius
705 1913 776 1972 quarn
787 1898 879 1954 nullum
890 1897 920 1953 ab
931 1912 960 1953 eo
971 1899 1087 1968 scriptum

106 1995 159 2034 esso
170 1981 310 2037 concedam.
343 1979 400 2036 llox
410 1995 506 2051 quoque
523 1997 546 2034 v.
559 1985 608 2038 141
619 1980 731 2054 Mpguten
740 1981 865 2038 Pithoeani
876 1997 920 2052 pro
931 1980 1023 2054 Mycale
1032 1981 1085 2036 ideo

106 2065 206 2130 retinui,
223 2065 278 2136 pria
297 2079 381 2120 rerum
397 2079 485 2120 nomen
497 2065 597 2136 ignoro,
610 2066 673 2137 quod
685 2066 748 2121 haud
763 2067 813 2121 scio
825 2082 855 2121 an
866 2065 983 2120 luvenalis
1001 2065 1086 2120 eodem

105 2149 179 2204 modo
186 2150 365 2222 quoporvulrou
372 2147 469 2204 Aenean
477 2164 508 2203 ex
518 2156 589 2220 poeta
599 2149 736 2221 aequalibus
743 2155 801 2205 noto
810 2149 953 2219 sumpserit;
964 2149 1085 2218 corrumpi

104 2237 187 2287 tamen
200 2233 271 2288 etiam
283 2233 401 2305 optimum
412 2233 521 2289 codicem
532 2233 556 2288 in
566 2233 620 2288 loco
632 2232 801 2289 obscurissimo
812 2232 918 2303 potuisse
930 2246 1001 2286 nemo
1013 2232 1085 2286 mira-

104 2317 170 2372 bitur
182 2316 283 2389 ideoque
294 2333 388 2374 numum
397 2333 421 2372 v.
437 2320 487 2375 142
497 2317 569 2373 aaut
577 2333 621 2388 pro
632 2317 703 2373 amiel
712 2324 736 2372 et
747 2334 769 2373 v.
786 2320 836 2375 145
847 2315 880 2372 ud
888 2331 991 2372 marnoa
1003 2330 1046 2385 pro
1058 2332 1086 2370 oe

103 2417 222 2466 mensam
235 2417 296 2473 quae
307 2418 337 2456 ex
353 2403 395 2457 illo
406 2401 502 2456 lahnius
513 2403 609 2466 asciuit,
626 2402 656 2457 ad
672 2403 823 2472 superiorum
841 2399 963 2484 exemplar
974 2412 1084 2454 reuocare

102 2501 152 2540 non
164 2485 284 2552 dubitari,
304 2487 359 2558 quia
375 2486 424 2542 hoc
433 2486 471 2540 rel
488 2487 540 2541 sine
550 2487 695 2558 reliquorum
710 2487 821 2542 codicum
836 2499 954 2540 consensu
965 2484 1016 2554 ipsa
1030 2499 1085 2538 sen·

102 2570 179 2624 tentia
189 2577 301 2640 praestat.
334 2568 412 2626 Seue!
422 2577 541 2641 certepro
564 2567 968 2636 maditatantumlocuuhabet
984 2567 1085 2623 uteius-

103 2653 159 2707 dem
170 2655 204 2708 rei
222 2654 316 2710 iteratio
327 2655 481 2719 excludatur,
499 2662 526 2709 ut
539 2654 564 2708 in
579 2655 694 2725 exemplis
705 2655 766 2725 apud
779 2652 857 2712 Bentl.
870 2653 899 2707 ad
912 2653 994 2708 llorat.
1005 2649 1083 2708 Serm.

102 2735 133 2792 11.
146 2740 172 2795 8.
184 2739 233 2801 24ς
251 2745 332 2794 nostra
342 2745 422 2793 autem
433 2739 529 2811 ltlygale
540 2739 612 2793 etiam
623 2745 678 2808 post
694 2739 836 2811 trigeminos
848 2737 906 2792 alios
920 2743 1003 2806 partus
1014 2736 1085 2791 edere

101 2826 211 2890 poterat;
223 2836 269 2876 nco
284 2837 392 2878 mensam
403 2821 482 2878 afferri
492 2823 589 2878 demum
602 2837 644 2893 par
654 2827 703 2886 est,
715 2821 757 2876 ubi
769 2822 846 2877 iulans
853 2820 978 2892 parasitus
988 2819 1037 2874 hoc
1047 2826 1084 2873 est

102 2904 132 2958 ad
147 2919 248 2959 coenam
259 2905 337 2972 venit,
350 2914 376 2962 ut
388 2908 483 2961 mittam
493 2921 590 2962 mensae
606 2921 662 2960 cum
674 2905 775 2960 nucibus
787 2911 810 2958 et
822 2919 874 2959 asse
884 2919 968 2974 pamm
980 2901 1084 2956 necessi·

101 2987 192 3042 tudinis
202 2987 365 3052 intercedere:
383 3006 447 3046 nuuc
457 2990 532 3062 igitur
546 2991 623 3047 donec
633 2989 757 3045 Pithoeani
767 2989 897 3044 auctoritas
908 2985 1036 3042 commoda
1048 2985 1084 3039 iu-

101 3073 275 3142 terpretatione
286 3073 407 3144 tinuatur,
420 3075 564 3130 deteriorem
575 3074 689 3130 lamiliam
699 3089 781 3129 verum
793 3087 900 3128 servasse
911 3071 1020 3128 arbitror.

186 3155 239 3213 Lib.
246 3155 275 3216 ll.
284 3155 407 3217 Sat-Vir.
415 3163 458 3228 28,
468 3158 536 3214 cuius
543 3173 626 3214 versus
635 3160 700 3230 prior
708 3174 764 3230 pars
774 3157 895 3231 languida,
903 3154 1021 3226 posterior
1032 3153 1083 3224 piu·

101 3239 157 3314 guis
164 3246 189 3294 et
201 3241 277 3296 otiosa
288 3247 332 3310 est,
345 3250 483 3314 suspectum
494 3242 552 3297 mihi
561 3258 614 3298 esse
624 3259 672 3298 non
680 3243 748 3314 potui
758 3258 805 3298 uon
813 3240 961 3314 significum
973 3238 1083 3293 fidentius

100 3331 182 3380 autem
193 3340 252 3380 mox
257 3341 280 3380 u.
287 3329 322 3384 36
332 3341 385 3380 mea
393 3329 531 3383 coniectura
543 3342 585 3396 pro
597 3327 646 3382 itta
656 3328 740 3398 scripsi
746 3325 812 3381 ttlts
818 3327 833 3382 i.
842 3339 863 3382 e.
871 3323 1001 3391 intestinis,
1011 3335 1083 3394 quarn

100 3423 185 3464 vocem
196 3409 226 3464 ad
238 3409 314 3480 ipsam
325 3411 514 3480 paedicationem
526 3412 597 3465 etiam
607 3410 721 3465 laberius
732 3410 813 3466 retnht
824 3415 887 3464 teste
895 3409 972 3464 Nonio
983 3421 1008 3477 p.
1017 3410 1082 3469 1223

101 3491 161 3548 adde
178 3493 270 3550 waere
288 3494 350 3564 apud
366 3502 475 3550 nostrum
493 3494 534 3549 lll.
546 3497 589 3551 43.
623 3492 763 3550 llunuscula
781 3495 844 3549 enim
861 3495 969 3549 universe
981 3505 1023 3545 cur
1034 3503 1081 3544 uon

101 3576 174 3631 otiam
183 3592 245 3648 puer
256 3579 345 3652 exigat,
358 3594 431 3652 aegre
441 3578 542 3642 dixeris,
554 3593 618 3632 nuno
629 3584 710 3632 autem
721 3577 751 3632 de
762 3577 827 3632 coitu
838 3578 925 3649 agitur,
938 3589 1008 3646 quem
1020 3587 1082 3627 uxor
