2600 4006
524 253 648 300 SATIRA
670 255 694 300 1.·

86 391 228 469 Antiquis
249 409 305 450 una
326 390 479 449 comedunt
501 392 671 468 patrimonia
690 409 800 451 mensa.

91 474 228 534 Nullus
219 492 274 533 1am
295 475 439 552 parasitus
462 475 526 532 erit.
558 474 617 534 Sed
640 475 705 553 quis
726 475 802 534 ierat
824 475 894 536 istas

91 557 238 618 Luxuriae
261 554 388 618 sordes?
409 555 514 636 quanta
538 566 583 616 est
605 557 688 634 gula,
710 576 785 637 quae
808 558 864 617 sihi
886 569 963 621 totos
1032 575 1082 630 140

92 642 178 702 Ponit
197 658 303 720 apros,
325 640 430 700 animal
450 650 573 719 propter
594 642 727 701 convivia
746 643 855 702 natum!

91 725 192 785 Poena
213 734 308 785 tamen
329 742 488 803 praesens,
511 743 597 804 quum
618 734 646 783 tu
669 725 792 803 deponis
811 728 931 788 amictus

93 809 236 888 Turpidus
259 817 288 868 et
310 809 428 869 crudum
447 825 590 886 pavonem
612 809 641 866 in
663 808 768 869 balnea
784 819 893 887 portas.

91 891 166 954 llinc
190 893 302 954 subitae
324 901 433 952 mortes
456 901 543 971 atque
566 892 699 952 intestata
722 902 872 962 senectus:

91 977 131 1038 Et
152 995 227 1037 nora
249 995 305 1036 nec
326 977 416 1036 tristis
439 994 494 1055 per
518 986 636 1036 cunctas
656 975 755 1036 fabula
774 995 883 1038 coenas

92 1061 215 1121 Ducitur
235 1062 314 1120 iratis
337 1060 531 1138 plaudendum
552 1060 636 1120 lunus
659 1060 768 1120 amicis.

156 1143 204 1204 Nil
226 1146 281 1204 erit
299 1144 434 1220 ulterius,
456 1143 534 1222 quod
555 1146 663 1205 nostris
685 1144 814 1204 moribus
831 1145 916 1206 addat

93 1229 267 1292 Posteritas:
291 1227 393 1287 eadem
410 1229 520 1289 facient
543 1231 718 1307 cupientque
740 1229 878 1288 minores.

94 1312 186 1372 Omne
207 1313 236 1369 in
256 1311 410 1389 praecipiti
432 1312 530 1371 vitium
553 1313 646 1380 stetit;
670 1321 752 1371 utere
774 1312 866 1388 velis,

95 1395 186 1456 Totos
209 1395 302 1473 pande
327 1393 420 1453 sinus!
454 1394 542 1455 Dicas
561 1394 609 1455 hic
632 1395 768 1455 forsitan:
790 1395 874 1456 Unde

92 1480 240 1556 Ingenium
263 1496 316 1556 par
335 1477 494 1538 materiae?
516 1479 592 1538 unde
614 1479 664 1539 illa
684 1479 812 1557 priorum

93 1561 248 1622 Scriheudi
270 1561 472 1641 quodcumque
493 1563 586 1622 animo
608 1564 749 1640 flagrante
771 1563 879 1623 liberet

93 1646 289 1724 Simplicitas,
312 1645 392 1705 cuius
413 1662 470 1703 non
492 1645 586 1705 audeo
609 1647 709 1707 dicere
731 1645 859 1708 nomen?

94 1729 171 1804 Quid
191 1728 282 1788 relert
304 1728 388 1788 dictis
410 1729 543 1805 ignoscat
563 1728 675 1790 diucius
697 1748 733 1790 an
750 1729 830 1790 non?

92 1814 173 1874 Pone
195 1811 382 1889 Tigellinum:
407 1814 492 1872 taeda
515 1812 629 1873 lucebis
650 1815 679 1873 in
700 1814 766 1891 illa,

94 1896 158 1970 Qua
182 1905 291 1955 stantes
312 1896 431 1971 ardent,
452 1897 501 1976 qui
524 1895 582 1956 lixo
606 1907 729 1976 pectore
751 1899 874 1975 fumant,

93 1979 131 2040 Et
152 1980 239 2040 latum
260 1979 354 2040 media
377 1980 485 2039 sulcum
509 1981 629 2040 deducis
652 1999 749 2041 arena.
772 2017 814 2026 -

94 2064 150 2138 Qui
173 2063 251 2124 dedit
273 2081 346 2140 ergo
367 2062 458 2122 trihus
480 2065 589 2141 patruis
613 2065 743 2139 aconita,
764 2065 885 2124 vehatur

93 2147 257 2207 Pensilihus
280 2147 382 2225 plumis
405 2156 491 2224 atque
513 2147 593 2206 illinc
615 2148 759 2225 despiciet
780 2146 855 2206 nos?
878 2182 920 2196 -

95 2231 188 2305 Quum
204 2232 303 2291 veniet
326 2240 442 2306 contra
467 2231 557 2307 digito
581 2247 739 2309 compesce
759 2229 914 2290 labellum:

93 2315 258 2375 Accusator
280 2315 334 2374 erit
356 2315 404 2394 qui
426 2314 548 2374 verbum
570 2315 690 2374 dixerit.
714 2315 762 2374 hic
785 2324 839 2374 est.

94 2399 223 2458 Securus
241 2399 311 2459 licet
330 2398 451 2458 Aenean
481 2397 674 2477 Rutulumque
693 2397 826 2458 ferocem

94 2479 278 2558 Committas,
297 2481 367 2541 nulli
388 2484 486 2560 gravis
508 2492 553 2542 est
575 2501 732 2561 percussus
753 2474 887 2543 Achilles

93 2567 151 2626 Aut
170 2567 287 2625 multum
310 2568 458 2644 quaesitus
479 2565 569 2640 Hylas
591 2584 748 2645 urnamque
770 2575 902 2635 secutus;

92 2649 172 2709 Ense
193 2649 273 2709 velut
296 2651 395 2708 stricto
416 2651 531 2728 quoties
550 2649 676 2709 Lucilius
699 2651 805 2711 ardens

91 2732 257 2808 lnl'remuit,
280 2732 366 2792 rubet
388 2734 517 2808 auditor,
542 2734 588 2793 cui
609 2733 713 2810 frigida
735 2752 816 2793 mens
839 2741 907 2793 est·

94 2814 284 2893 Criminibus,
307 2817 395 2876 tacita
417 2816 518 2876 sudant
538 2818 712 2894 praecordia
738 2818 833 2897 culpa.

92 2900 163 2960 lude
185 2902 247 2960 irae
271 2909 301 2959 et
323 2900 470 2959 lacrimae.
512 2899 620 2959 Tecum
642 2901 722 2979 prius
745 2918 816 2977 ergo
838 2901 935 2960 voluta

91 2983 173 3044 llaec
196 2986 291 3045 anime
315 2992 380 3043 ante
399 2983 500 3052 tubas;
523 2984 669 3060 galeatum
691 3001 760 3043 sero
785 2983 874 3042 duelli

91 3067 235 3130 Poenitet.
251 3100 294 3114 -
314 3065 476 3147 Experiar,
503 3067 571 3147 quid
595 3067 772 3126 concedatur
791 3068 819 3124 in
843 3066 928 3144 illos,

92 3151 222 3226 Quorum
243 3148 382 3212 Flaminia
403 3151 511 3228 tegitur
535 3151 606 3209 ciuis
627 3159 714 3228 atque
735 3148 844 3210 Latina.

494 3375 677 3386 *-
