2626 4006
202 225 243 287 76
549 234 584 281 υ.
605 233 676 280 run.
696 233 883 280 rotmnabrs

202 376 336 454 Hospes,
361 383 390 434 et
413 375 476 452 ipse
497 381 592 432 tamen
614 373 786 448 contingens
807 373 945 448 sanguine
970 373 1100 434 coelum:

202 458 287 518 Alter
309 459 407 536 aquis,
433 456 508 516 alter
530 455 649 516 dammis
673 455 707 514 ad
730 457 827 515 sidera
849 457 962 515 missus.

202 541 326 602 Fercula
350 558 425 600 nunc
450 539 516 599 audi
539 539 624 599 nullis
649 548 749 598 ornata
770 538 912 598 macellis.

203 626 247 685 lle
272 624 421 684 Tiburtino
444 624 542 683 veniet
564 623 767 700 pinguissimus
792 639 864 698 agro

202 709 348 769 llaedulus
372 717 401 767 et
423 716 485 766 toto
509 724 603 783 grege
626 706 758 781 mollior,
782 707 890 765 inscius
912 705 1032 782 herbae,

202 791 333 853 Necdum
353 809 439 851 ausus
458 791 559 866 ¹virgas
581 789 693 850 humilis
716 788 852 849 mordere
872 789 978 865 salicti,

204 874 260 948 Qui
281 875 346 954 plus
370 874 454 935 lactis
479 873 567 934 babet
590 891 674 951 qnam
698 874 859 950 sanguinis,
886 882 916 931 et
936 875 1060 934 montani

202 959 363 1037 Asparagi,
382 949 484 1036 'posito
509 974 583 1034 qnos
610 957 682 1034 legit
715 957 801 1016 vilica
827 957 907 1024 fuso;

203 1041 328 1103 Grandia
354 1050 508 1119 praeterea
533 1050 669 1118 tortoque
694 1041 818 1100 calentia
840 1039 928 1099 foeno

203 1123 265 1185 Ova
288 1124 391 1184 adsuunt
414 1125 486 1201 ipsis
510 1141 572 1182 cum
597 1124 750 1199 matribus,
778 1133 807 1182 et
829 1131 962 1182 servatae

202 1209 288 1267 Parte
316 1209 396 1282 anni,
421 1206 523 1286 quales
548 1206 661 1266 fueraut
684 1209 713 1266 in
737 1207 861 1282 vitibus,
883 1225 968 1282 uvae,

203 1292 350 1368 Signinum
376 1292 547 1368 Syriumque
569 1291 678 1368 pirum,
701 1289 738 1350 de
762 1289 899 1350 corbibus
921 1291 1013 1350 isdem

204 1375 326 1434 Aemula
351 1374 464 1434 Picenis
491 1383 521 1433 et
543 1375 642 1434 odoris
667 1375 740 1434 mala
764 1374 901 1448 recentis,

203 1457 266 1518 Nec
285 1459 438 1518 metuende
459 1457 527 1532 tibi,
552 1459 690 1518 siccatum
712 1458 822 1535 frigore
847 1466 1000 1536 postquam

204 1541 374 1602 Autumnum
401 1551 430 1601 et
452 1541 532 1601 crudi
555 1559 682 1619 posuere
708 1540 838 1619 pericula
863 1543 952 1600 succi.

204 1625 284 1687 llaec
309 1626 376 1686 olim
398 1626 490 1684 nostri
512 1627 567 1684 ianr
588 1626 736 1684 luxuriosa
759 1634 876 1684 senatus

204 1708 304 1769 Coena
329 1709 395 1768 fuit:
419 1706 539 1783 Curius,
565 1725 655 1787 parvo
681 1727 755 1787 quae
778 1708 892 1785 legerat
911 1707 1012 1790 burto,

204 1791 272 1872 lpse
297 1791 372 1851 focis
394 1791 531 1850 brevibus
556 1791 684 1869 ponebat
706 1791 853 1867 oluscula,
879 1809 953 1869 quae
973 1809 1048 1852 nunc

204 1874 358 1952 Squalidus
381 1876 410 1933 in
436 1891 539 1951 magna
559 1875 666 1934 fastidit
688 1875 830 1953 compede
854 1875 961 1949 fossor,

204 1955 260 2031 Qui
284 1959 428 2035 meminit,
454 1957 565 2019 calidae
587 1960 681 2036 sapiat
703 1959 770 2036 quid
791 1959 876 2018 vulva
898 1958 1033 2036 popinae.

204 2042 282 2101 Sicci
308 2051 392 2119 terga
418 2044 494 2116 suis,
519 2060 584 2102 rara
606 2043 761 2120 pendentia
787 2052 877 2117 crate,

203 2123 292 2184 Moris
319 2135 382 2186 erat
407 2127 549 2204 quondam
577 2126 662 2186 festis
683 2145 803 2186 seruare
825 2126 928 2185 diebus

203 2207 240 2268 Et
266 2209 431 2270 natalicium
454 2212 583 2288 cogitatis
607 2228 718 2289 ponere
742 2210 862 2284 lardum,

205 2291 376 2353 decedente
400 2311 492 2369 nova,
516 2294 540 2352 si
563 2312 647 2372 qnam
670 2294 757 2354 dabat
780 2293 889 2368 hostia,
917 2309 1013 2352 carne.

204 2373 401 2453 cognatorum
426 2377 530 2455 aliquis
553 2378 635 2438 titulo
660 2387 706 2437 ter
731 2376 859 2437 consulis
883 2385 968 2454 atque

205 2456 370 2519 Castrorum
397 2461 526 2538 imperiis
550 2469 579 2520 et
599 2463 749 2522 dictatoris
774 2461 886 2521 honore

203 2541 330 2602 Functus
354 2543 390 2602 ad
413 2543 465 2603 has
491 2543 593 2621 epulas
614 2545 700 2604 solito
723 2547 857 2604 maturius
880 2544 950 2618 ibat,

204 2624 341 2685 Erectum
359 2625 467 2685 domito
491 2627 625 2687 referens
647 2647 663 2688 a
684 2639 781 2688 monte
800 2629 937 2705 ligonem.

204 2708 297 2781 Quum
318 2719 476 2770 tremerent
496 2719 589 2771 autem
611 2710 719 2772 Fabios
742 2714 899 2790 durumque
922 2708 1063 2770 Catonem

203 2790 241 2851 Et
261 2792 389 2852 Scauros
413 2803 442 2853 et
462 2793 630 2871 Fabricios,
650 2805 798 2874 postremo
821 2812 944 2855 severos

205 2873 344 2936 Censoris
363 2895 461 2938 mores
483 2880 568 2938 etiam
587 2879 703 2956 collega
725 2881 849 2954 timeret,

204 2959 296 3019 Nemo
317 2962 391 3021 inter
413 2981 496 3022 ouras
519 2972 548 3022 et
569 2965 647 3023 seria
669 2963 749 3023 duxit
765 2963 939 3039 babendum,

205 3041 307 3115 Qualis
328 3045 355 3103 in
377 3043 496 3106 Oceano
516 3046 604 3106 ductu
623 3047 738 3107 testudo
759 3056 881 3123 nataret,
917 3119 921 3125 ι

207 3123 323 3186 Glanum
348 3127 521 3207 Troiugenis
540 3130 651 3191 lactura
678 3139 708 3190 et
730 3131 829 3190 nobile
855 3130 994 3201 fulcrum3

206 3210 266 3270 Sed
286 3213 362 3272 nudo
385 3212 478 3273 latere
500 3222 529 3272 et
550 3216 648 3290 parvis
671 3213 752 3272 lrons
772 3232 858 3274 aerea
881 3214 967 3273 lectis

204 3293 272 3353 Vile
295 3298 423 3355 coronati
446 3304 533 3373 caput
551 3296 724 3357 ostendebat
745 3298 840 3372 aselli,

206 3376 252 3436 Ad
277 3379 353 3456 quod
375 3379 477 3439 lascivi
499 3378 636 3440 ludebant
660 3381 734 3440 ruris
756 3382 870 3441 alumni.

206 3459 295 3520 Tales
319 3478 391 3538 ergo
419 3461 492 3536 cibi,
515 3463 608 3539 qualis
631 3462 731 3522 domus
755 3473 840 3542 atque
862 3464 1007 3542 supellex.
