<?xml version="1.0" encoding="UTF-8"?>
<!DOCTYPE html PUBLIC "-//W3C//DTD XHTML 1.0 Transitional//EN"
    "http://www.w3.org/TR/xhtml1/DTD/xhtml1-transitional.dtd">
<html xmlns="http://www.w3.org/1999/xhtml" xml:lang="en" lang="en">
 <head>
  <title>
</title>
<meta http-equiv="Content-Type" content="text/html;charset=utf-8" />
  <meta name='ocr-system' content='tesseract 3.04.00' />
  <meta name='ocr-capabilities' content='ocr_page ocr_carea ocr_par ocr_line ocrx_word'/>
</head>
<body>
  <div class='ocr_page' id='page_1' title='image "./satirarumlibriq03juvegoog_0047.png"; bbox 0 0 2600 4006; ppageno 0'>
   <div class='ocr_carea' id='block_1_1' title="bbox 223 256 876 314">
    <p class='ocr_par' dir='ltr' id='par_1_1' title="bbox 223 256 876 314">
     <span class='ocr_line' id='line_1_1' title="bbox 223 256 876 314; baseline -0.005 0"><span class='ocrx_word' id='word_1_1' title='bbox 223 256 243 314; x_wconf 82' lang='lat' dir='ltr'><strong>t</strong></span> <span class='ocrx_word' id='word_1_2' title='bbox 549 267 583 313; x_wconf 86' lang='lat' dir='ltr'><strong>o.</strong></span> <span class='ocrx_word' id='word_1_3' title='bbox 601 266 672 314; x_wconf 85' lang='lat' dir='ltr'><strong>1unr.</strong></span> <span class='ocrx_word' id='word_1_4' title='bbox 690 265 876 314; x_wconf 80' lang='lat' dir='ltr'><strong>nuvnunnrs</strong></span> 
     </span>
    </p>
   </div>
   <div class='ocr_carea' id='block_1_2' title="bbox 224 401 1218 484">
    <p class='ocr_par' dir='ltr' id='par_1_2' title="bbox 224 401 1218 484">
     <span class='ocr_line' id='line_1_2' title="bbox 224 401 1218 484; baseline 0 -20"><span class='ocrx_word' id='word_1_5' title='bbox 224 403 308 484; x_wconf 87' lang='lat' dir='ltr'><strong>lpsos</strong></span> <span class='ocrx_word' id='word_1_6' title='bbox 331 403 511 482; x_wconf 78' lang='lat' dir='ltr'>Troiugenas</span> <span class='ocrx_word' id='word_1_7' title='bbox 535 404 616 481; x_wconf 89' lang='lat' dir='ltr'><strong>(nam</strong></span> <span class='ocrx_word' id='word_1_8' title='bbox 636 411 743 463; x_wconf 81' lang='lat' dir='ltr'><strong>vexant</strong></span> <span class='ocrx_word' id='word_1_9' title='bbox 764 401 850 462; x_wconf 90' lang='lat' dir='ltr'><strong>limen</strong></span> <span class='ocrx_word' id='word_1_10' title='bbox 873 409 902 461; x_wconf 89' lang='lat' dir='ltr'><strong>et</strong></span> <span class='ocrx_word' id='word_1_11' title='bbox 924 402 980 478; x_wconf 92' lang='lat' dir='ltr'><strong>ipsi</strong></span> <span class='ocrx_word' id='word_1_12' title='bbox 1165 412 1218 464; x_wconf 86' lang='lat'><strong>100</strong></span> 
     </span>
    </p>
   </div>
   <div class='ocr_carea' id='block_1_3' title="bbox 94 484 988 566">
    <p class='ocr_par' dir='ltr' id='par_1_3' title="bbox 94 484 988 566">
     <span class='ocr_line' id='line_1_3' title="bbox 94 484 988 566; baseline -0.004 -20"><span class='ocrx_word' id='word_1_13' title='bbox 94 539 98 546; x_wconf 92' lang='lat'><em>.</em></span> <span class='ocrx_word' id='word_1_14' title='bbox 223 485 414 566; x_wconf 86' lang='lat' dir='ltr'><strong>Nobiscum):</strong></span> <span class='ocrx_word' id='word_1_15' title='bbox 438 486 484 548; x_wconf 89' lang='lat' dir='ltr'><strong>Da</strong></span> <span class='ocrx_word' id='word_1_16' title='bbox 506 488 651 565; x_wconf 89' lang='lat' dir='ltr'><strong>praetori,</strong></span> <span class='ocrx_word' id='word_1_17' title='bbox 675 485 712 547; x_wconf 89' lang='lat' dir='ltr'><strong>da</strong></span> <span class='ocrx_word' id='word_1_18' title='bbox 733 484 839 546; x_wconf 89' lang='lat' dir='ltr'><strong>deinde</strong></span> <span class='ocrx_word' id='word_1_19' title='bbox 859 484 988 544; x_wconf 85' lang='lat' dir='ltr'><strong>tribuno!</strong></span> 
     </span>
    </p>
   </div>
   <div class='ocr_carea' id='block_1_4' title="bbox 223 568 1215 1234">
    <p class='ocr_par' dir='ltr' id='par_1_4' title="bbox 224 568 1114 649">
     <span class='ocr_line' id='line_1_4' title="bbox 224 568 1114 649; baseline -0.006 -18"><span class='ocrx_word' id='word_1_20' title='bbox 224 570 283 631; x_wconf 85' lang='lat' dir='ltr'><strong>Sed</strong></span> <span class='ocrx_word' id='word_1_21' title='bbox 305 570 456 630; x_wconf 88' lang='lat' dir='ltr'><strong>libertinus</strong></span> <span class='ocrx_word' id='word_1_22' title='bbox 478 571 559 649; x_wconf 93' lang='lat' dir='ltr'><strong>prior</strong></span> <span class='ocrx_word' id='word_1_23' title='bbox 581 578 641 630; x_wconf 92' lang='lat' dir='ltr'><strong>est:</strong></span> <span class='ocrx_word' id='word_1_24' title='bbox 664 568 765 644; x_wconf 80' lang='lat' dir='ltr'>Prior,</span> <span class='ocrx_word' id='word_1_25' title='bbox 787 570 895 647; x_wconf 91' lang='lat' dir='ltr'><strong>inquit,</strong></span> <span class='ocrx_word' id='word_1_26' title='bbox 918 585 976 645; x_wconf 89' lang='lat' dir='ltr'><strong>ego</strong></span> <span class='ocrx_word' id='word_1_27' title='bbox 999 568 1114 636; x_wconf 89' lang='lat' dir='ltr'><strong>adsum;</strong></span> 
     </span>
    </p>

    <p class='ocr_par' dir='ltr' id='par_1_5' title="bbox 225 651 1069 730">
     <span class='ocr_line' id='line_1_5' title="bbox 225 651 1069 730; baseline -0.004 -17"><span class='ocrx_word' id='word_1_28' title='bbox 225 653 283 714; x_wconf 82' lang='lat' dir='ltr'><strong>(lnr</strong></span> <span class='ocrx_word' id='word_1_29' title='bbox 305 656 420 714; x_wconf 91' lang='lat' dir='ltr'><strong>timeam</strong></span> <span class='ocrx_word' id='word_1_30' title='bbox 441 654 606 715; x_wconf 79' lang='lat' dir='ltr'><strong>dubitemve</strong></span> <span class='ocrx_word' id='word_1_31' title='bbox 628 652 724 714; x_wconf 92' lang='lat' dir='ltr'><strong>locum</strong></span> <span class='ocrx_word' id='word_1_32' title='bbox 743 651 919 728; x_wconf 82' lang='lat' dir='ltr'><strong>defendere,</strong></span> <span class='ocrx_word' id='word_1_33' title='bbox 941 653 1069 730; x_wconf 87' lang='lat' dir='ltr'><strong>quamvis</strong></span> 
     </span>
    </p>

    <p class='ocr_par' dir='ltr' id='par_1_6' title="bbox 223 735 1215 1066">
     <span class='ocr_line' id='line_1_6' title="bbox 223 735 1119 816; baseline -0.004 -18"><span class='ocrx_word' id='word_1_34' title='bbox 223 737 317 798; x_wconf 82' lang='lat' dir='ltr'><strong>Natus</strong></span> <span class='ocrx_word' id='word_1_35' title='bbox 334 737 371 798; x_wconf 90' lang='lat' dir='ltr'><strong>ad</strong></span> <span class='ocrx_word' id='word_1_36' title='bbox 392 737 580 816; x_wconf 78' lang='lat' dir='ltr'><strong>Euphraten,</strong></span> <span class='ocrx_word' id='word_1_37' title='bbox 603 736 709 797; x_wconf 90' lang='lat' dir='ltr'><strong>molles</strong></span> <span class='ocrx_word' id='word_1_38' title='bbox 732 735 810 815; x_wconf 93' lang='lat' dir='ltr'><strong>quod</strong></span> <span class='ocrx_word' id='word_1_39' title='bbox 832 737 860 795; x_wconf 94' lang='lat' dir='ltr'><strong>in</strong></span> <span class='ocrx_word' id='word_1_40' title='bbox 881 753 951 795; x_wconf 91' lang='lat' dir='ltr'><strong>aure</strong></span> <span class='ocrx_word' id='word_1_41' title='bbox 971 736 1119 796; x_wconf 80' lang='lat' dir='ltr'><strong>fenestrae</strong></span> 
     </span>
     <span class='ocr_line' id='line_1_7' title="bbox 224 817 1215 900; baseline 0.003 -20"><span class='ocrx_word' id='word_1_42' title='bbox 224 822 399 899; x_wconf 81' lang='lat' dir='ltr'><strong>Arguerint,</strong></span> <span class='ocrx_word' id='word_1_43' title='bbox 422 821 493 882; x_wconf 88' lang='lat' dir='ltr'><strong>licet</strong></span> <span class='ocrx_word' id='word_1_44' title='bbox 511 823 577 900; x_wconf 90' lang='lat' dir='ltr'><strong>ipse</strong></span> <span class='ocrx_word' id='word_1_45' title='bbox 600 817 726 898; x_wconf 86' lang='lat' dir='ltr'><strong>negem?</strong></span> <span class='ocrx_word' id='word_1_46' title='bbox 746 820 800 880; x_wconf 91' lang='lat' dir='ltr'><strong>sed</strong></span> <span class='ocrx_word' id='word_1_47' title='bbox 822 821 948 898; x_wconf 88' lang='lat' dir='ltr'><strong>quinque</strong></span> <span class='ocrx_word' id='word_1_48' title='bbox 970 819 1110 879; x_wconf 88' lang='lat' dir='ltr'><strong>tabernae</strong></span> <span class='ocrx_word' id='word_1_49' title='bbox 1164 832 1215 883; x_wconf 80' lang='lat'><strong>105</strong></span> 
     </span>
     <span class='ocr_line' id='line_1_8' title="bbox 225 904 1069 984; baseline -0.002 -20"><span class='ocrx_word' id='word_1_50' title='bbox 225 904 440 982; x_wconf 74' lang='lat' dir='ltr'><strong>Quadringenta</strong></span> <span class='ocrx_word' id='word_1_51' title='bbox 463 915 578 983; x_wconf 88' lang='lat' dir='ltr'><strong>parant;</strong></span> <span class='ocrx_word' id='word_1_52' title='bbox 602 904 670 984; x_wconf 85' lang='lat' dir='ltr'><strong>qnid</strong></span> <span class='ocrx_word' id='word_1_53' title='bbox 692 904 806 964; x_wconf 78' lang='lat' dir='ltr'><strong>confert</strong></span> <span class='ocrx_word' id='word_1_54' title='bbox 827 921 955 982; x_wconf 85' lang='lat' dir='ltr'><strong>purpura</strong></span> <span class='ocrx_word' id='word_1_55' title='bbox 977 904 1069 962; x_wconf 89' lang='lat' dir='ltr'><strong>maior</strong></span> 
     </span>
     <span class='ocr_line' id='line_1_9' title="bbox 225 987 899 1066; baseline -0.003 -18"><span class='ocrx_word' id='word_1_56' title='bbox 225 987 405 1066; x_wconf 89' lang='lat' dir='ltr'><strong>Optandum,</strong></span> <span class='ocrx_word' id='word_1_57' title='bbox 429 991 454 1049; x_wconf 94' lang='lat' dir='ltr'><strong>si</strong></span> <span class='ocrx_word' id='word_1_58' title='bbox 472 987 608 1048; x_wconf 88' lang='lat' dir='ltr'><strong>Laurenti</strong></span> <span class='ocrx_word' id='word_1_59' title='bbox 628 988 754 1048; x_wconf 81' lang='lat' dir='ltr'><strong>custodit</strong></span> <span class='ocrx_word' id='word_1_60' title='bbox 775 989 804 1046; x_wconf 94' lang='lat' dir='ltr'><strong>in</strong></span> <span class='ocrx_word' id='word_1_61' title='bbox 827 1003 899 1064; x_wconf 89' lang='lat' dir='ltr'><strong>agro</strong></span> 
     </span>
    </p>

    <p class='ocr_par' dir='ltr' id='par_1_7' title="bbox 225 1069 997 1150">
     <span class='ocr_line' id='line_1_10' title="bbox 225 1069 997 1150; baseline -0.003 -19"><span class='ocrx_word' id='word_1_62' title='bbox 225 1070 391 1132; x_wconf 79' lang='lat' dir='ltr'><strong>Conductas</strong></span> <span class='ocrx_word' id='word_1_63' title='bbox 414 1070 556 1132; x_wconf 78' lang='lat' dir='ltr'><strong>corvinus</strong></span> <span class='ocrx_word' id='word_1_64' title='bbox 579 1089 668 1147; x_wconf 85' lang='lat' dir='ltr'><strong>ores,</strong></span> <span class='ocrx_word' id='word_1_65' title='bbox 691 1088 749 1148; x_wconf 89' lang='lat' dir='ltr'><strong>ego</strong></span> <span class='ocrx_word' id='word_1_66' title='bbox 771 1069 911 1150; x_wconf 91' lang='lat' dir='ltr'><strong>possideo</strong></span> <span class='ocrx_word' id='word_1_67' title='bbox 931 1069 997 1148; x_wconf 90' lang='lat' dir='ltr'><strong>plus</strong></span> 
     </span>
    </p>

    <p class='ocr_par' dir='ltr' id='par_1_8' title="bbox 224 1151 1044 1234">
     <span class='ocr_line' id='line_1_11' title="bbox 224 1151 1044 1234; baseline -0.005 -19"><span class='ocrx_word' id='word_1_68' title='bbox 224 1154 356 1215; x_wconf 82' lang='lat' dir='ltr'><strong>Pallante</strong></span> <span class='ocrx_word' id='word_1_69' title='bbox 378 1165 407 1215; x_wconf 90' lang='lat' dir='ltr'><strong>et</strong></span> <span class='ocrx_word' id='word_1_70' title='bbox 427 1152 606 1216; x_wconf 80' lang='lat' dir='ltr'><strong>Licinisl-</strong></span> <span class='ocrx_word' id='word_1_71' title='bbox 625 1154 808 1234; x_wconf 79' lang='lat' dir='ltr'><strong>Exspectent</strong></span> <span class='ocrx_word' id='word_1_72' title='bbox 830 1171 903 1231; x_wconf 94' lang='lat' dir='ltr'><strong>ergo</strong></span> <span class='ocrx_word' id='word_1_73' title='bbox 923 1151 1044 1229; x_wconf 83' lang='lat' dir='ltr'><strong>tribuni,</strong></span> 
     </span>
    </p>
   </div>
   <div class='ocr_carea' id='block_1_5' title="bbox 224 1238 1261 1316">
    <p class='ocr_par' dir='ltr' id='par_1_9' title="bbox 224 1238 1261 1316">
     <span class='ocr_line' id='line_1_12' title="bbox 224 1238 1261 1316; baseline 0.007 -18"><span class='ocrx_word' id='word_1_74' title='bbox 224 1238 347 1299; x_wconf 88' lang='lat' dir='ltr'><strong>Vincant</strong></span> <span class='ocrx_word' id='word_1_75' title='bbox 369 1238 504 1316; x_wconf 87' lang='lat' dir='ltr'><strong>divitiae,</strong></span> <span class='ocrx_word' id='word_1_76' title='bbox 525 1256 611 1299; x_wconf 89' lang='lat' dir='ltr'><strong>sacro</strong></span> <span class='ocrx_word' id='word_1_77' title='bbox 633 1257 670 1299; x_wconf 92' lang='lat' dir='ltr'><strong>ne</strong></span> <span class='ocrx_word' id='word_1_78' title='bbox 695 1238 780 1300; x_wconf 90' lang='lat' dir='ltr'><strong>cedat</strong></span> <span class='ocrx_word' id='word_1_79' title='bbox 801 1238 923 1313; x_wconf 93' lang='lat' dir='ltr'><strong>honori,</strong></span> <span class='ocrx_word' id='word_1_80' title='bbox 1163 1253 1216 1304; x_wconf 84' lang='lat'><strong>110</strong></span> <span class='ocrx_word' id='word_1_81' title='bbox 1258 1252 1261 1257; x_wconf 83' lang='grc'><em>“</em></span> 
     </span>
    </p>
   </div>
   <div class='ocr_carea' id='block_1_6' title="bbox 224 1320 1219 2993">
    <p class='ocr_par' dir='ltr' id='par_1_10' title="bbox 224 1320 1215 1820">
     <span class='ocr_line' id='line_1_13' title="bbox 224 1320 1057 1408; baseline 0 -26"><span class='ocrx_word' id='word_1_82' title='bbox 224 1321 325 1401; x_wconf 89' lang='lat' dir='ltr'><strong>Nuper</strong></span> <span class='ocrx_word' id='word_1_83' title='bbox 346 1325 375 1382; x_wconf 95' lang='lat' dir='ltr'><strong>iu</strong></span> <span class='ocrx_word' id='word_1_84' title='bbox 393 1322 468 1384; x_wconf 89' lang='lat' dir='ltr'><strong>hanc</strong></span> <span class='ocrx_word' id='word_1_85' title='bbox 488 1322 590 1382; x_wconf 90' lang='lat' dir='ltr'><strong>urbem</strong></span> <span class='ocrx_word' id='word_1_86' title='bbox 603 1323 733 1408; x_wconf 87' lang='lat' dir='ltr'><strong>pedihus</strong></span> <span class='ocrx_word' id='word_1_87' title='bbox 756 1324 805 1401; x_wconf 92' lang='lat' dir='ltr'><strong>qui</strong></span> <span class='ocrx_word' id='word_1_88' title='bbox 825 1330 945 1382; x_wconf 89' lang='lat' dir='ltr'><strong>venerat</strong></span> <span class='ocrx_word' id='word_1_89' title='bbox 967 1320 1057 1382; x_wconf 89' lang='lat' dir='ltr'><strong>alhis:</strong></span> 
     </span>
     <span class='ocr_line' id='line_1_14' title="bbox 225 1405 1018 1485; baseline -0.001 -20"><span class='ocrx_word' id='word_1_90' title='bbox 225 1405 466 1485; x_wconf 81' lang='lat' dir='ltr'><strong>Quandoquidem</strong></span> <span class='ocrx_word' id='word_1_91' title='bbox 483 1409 558 1467; x_wconf 90' lang='lat' dir='ltr'><strong>inter</strong></span> <span class='ocrx_word' id='word_1_92' title='bbox 579 1424 632 1467; x_wconf 92' lang='lat' dir='ltr'><strong>nos</strong></span> <span class='ocrx_word' id='word_1_93' title='bbox 655 1408 838 1467; x_wconf 89' lang='lat' dir='ltr'><strong>sanctissima</strong></span> <span class='ocrx_word' id='word_1_94' title='bbox 858 1405 1018 1466; x_wconf 86' lang='lat' dir='ltr'><strong>divitiarum</strong></span> 
     </span>
     <span class='ocr_line' id='line_1_15' title="bbox 225 1488 873 1570; baseline 0.002 -22"><span class='ocrx_word' id='word_1_95' title='bbox 225 1488 377 1559; x_wconf 89' lang='lat' dir='ltr'><strong>hlaiestas;</strong></span> <span class='ocrx_word' id='word_1_96' title='bbox 401 1493 457 1550; x_wconf 89' lang='lat' dir='ltr'><strong>etsi</strong></span> <span class='ocrx_word' id='word_1_97' title='bbox 477 1491 592 1551; x_wconf 83' lang='lat' dir='ltr'><strong>funesta</strong></span> <span class='ocrx_word' id='word_1_98' title='bbox 616 1492 740 1570; x_wconf 91' lang='lat' dir='ltr'><strong>pecunia</strong></span> <span class='ocrx_word' id='word_1_99' title='bbox 762 1490 873 1568; x_wconf 88' lang='lat' dir='ltr'><strong>templo</strong></span> 
     </span>
     <span class='ocr_line' id='line_1_16' title="bbox 224 1571 1095 1651; baseline 0.002 -19"><span class='ocrx_word' id='word_1_100' title='bbox 224 1571 357 1635; x_wconf 89' lang='lat' dir='ltr'><strong>Nondum</strong></span> <span class='ocrx_word' id='word_1_101' title='bbox 377 1574 507 1650; x_wconf 89' lang='lat' dir='ltr'><strong>habitas,</strong></span> <span class='ocrx_word' id='word_1_102' title='bbox 530 1574 625 1634; x_wconf 92' lang='lat' dir='ltr'><strong>nullas</strong></span> <span class='ocrx_word' id='word_1_103' title='bbox 644 1591 823 1636; x_wconf 88' lang='lat' dir='ltr'><strong>nummorum</strong></span> <span class='ocrx_word' id='word_1_104' title='bbox 845 1575 992 1633; x_wconf 79' lang='lat' dir='ltr'><strong>ereximus</strong></span> <span class='ocrx_word' id='word_1_105' title='bbox 1013 1591 1095 1651; x_wconf 88' lang='lat' dir='ltr'><strong>aras,</strong></span> 
     </span>
     <span class='ocr_line' id='line_1_17' title="bbox 224 1656 1215 1736; baseline 0.005 -20"><span class='ocrx_word' id='word_1_106' title='bbox 224 1656 262 1716; x_wconf 90' lang='lat' dir='ltr'><strong>Ut</strong></span> <span class='ocrx_word' id='word_1_107' title='bbox 285 1657 390 1717; x_wconf 89' lang='lat' dir='ltr'><strong>colitur</strong></span> <span class='ocrx_word' id='word_1_108' title='bbox 411 1657 472 1719; x_wconf 84' lang='lat' dir='ltr'><strong>Pax</strong></span> <span class='ocrx_word' id='word_1_109' title='bbox 493 1667 580 1736; x_wconf 91' lang='lat' dir='ltr'><strong>atque</strong></span> <span class='ocrx_word' id='word_1_110' title='bbox 602 1656 707 1732; x_wconf 75' lang='lat' dir='ltr'><strong>hides,</strong></span> <span class='ocrx_word' id='word_1_111' title='bbox 730 1658 877 1733; x_wconf 80' lang='lat' dir='ltr'><strong>Victoria,</strong></span> <span class='ocrx_word' id='word_1_112' title='bbox 900 1656 1016 1733; x_wconf 89' lang='lat' dir='ltr'><strong>Virtus,</strong></span> <span class='ocrx_word' id='word_1_113' title='bbox 1163 1671 1215 1723; x_wconf 80' lang='lat'><strong>115</strong></span> 
     </span>
     <span class='ocr_line' id='line_1_18' title="bbox 225 1739 948 1820; baseline -0.001 -20"><span class='ocrx_word' id='word_1_114' title='bbox 225 1739 367 1820; x_wconf 83' lang='lat' dir='ltr'><strong>Quaeque</strong></span> <span class='ocrx_word' id='word_1_115' title='bbox 389 1741 513 1801; x_wconf 89' lang='lat' dir='ltr'><strong>salutato</strong></span> <span class='ocrx_word' id='word_1_116' title='bbox 537 1743 661 1820; x_wconf 89' lang='lat' dir='ltr'><strong>crepitat</strong></span> <span class='ocrx_word' id='word_1_117' title='bbox 684 1739 850 1801; x_wconf 78' lang='lat' dir='ltr'><strong>Concordia</strong></span> <span class='ocrx_word' id='word_1_118' title='bbox 870 1739 948 1800; x_wconf 90' lang='lat' dir='ltr'><strong>nido.</strong></span> 
     </span>
    </p>

    <p class='ocr_par' dir='ltr' id='par_1_11' title="bbox 224 1823 1219 2993">
     <span class='ocr_line' id='line_1_19' title="bbox 287 1823 1101 1903; baseline 0 -19"><span class='ocrx_word' id='word_1_119' title='bbox 287 1823 347 1884; x_wconf 87' lang='lat' dir='ltr'><strong>Sed</strong></span> <span class='ocrx_word' id='word_1_120' title='bbox 369 1843 455 1903; x_wconf 92' lang='lat' dir='ltr'><strong>quum</strong></span> <span class='ocrx_word' id='word_1_121' title='bbox 476 1842 601 1884; x_wconf 89' lang='lat' dir='ltr'><strong>summus</strong></span> <span class='ocrx_word' id='word_1_122' title='bbox 623 1825 718 1885; x_wconf 92' lang='lat' dir='ltr'><strong>honor</strong></span> <span class='ocrx_word' id='word_1_123' title='bbox 739 1825 819 1886; x_wconf 88' lang='lat' dir='ltr'><strong>linito</strong></span> <span class='ocrx_word' id='word_1_124' title='bbox 842 1833 991 1903; x_wconf 91' lang='lat' dir='ltr'><strong>computet</strong></span> <span class='ocrx_word' id='word_1_125' title='bbox 1010 1842 1101 1902; x_wconf 91' lang='lat' dir='ltr'><strong>anno,</strong></span> 
     </span>
     <span class='ocr_line' id='line_1_20' title="bbox 225 1906 1058 1987; baseline 0.001 -18"><span class='ocrx_word' id='word_1_126' title='bbox 225 1906 362 1985; x_wconf 81' lang='lat' dir='ltr'><strong>Sportula</strong></span> <span class='ocrx_word' id='word_1_127' title='bbox 384 1907 452 1987; x_wconf 94' lang='lat' dir='ltr'><strong>quid</strong></span> <span class='ocrx_word' id='word_1_128' title='bbox 473 1909 599 1984; x_wconf 87' lang='lat' dir='ltr'><strong>referat,</strong></span> <span class='ocrx_word' id='word_1_129' title='bbox 620 1918 755 1987; x_wconf 90' lang='lat' dir='ltr'><strong>quantum</strong></span> <span class='ocrx_word' id='word_1_130' title='bbox 775 1907 935 1968; x_wconf 88' lang='lat' dir='ltr'><strong>rationibus</strong></span> <span class='ocrx_word' id='word_1_131' title='bbox 958 1908 1058 1970; x_wconf 90' lang='lat' dir='ltr'><strong>addat:</strong></span> 
     </span>
     <span class='ocr_line' id='line_1_21' title="bbox 225 1991 1173 2072; baseline 0.005 -22"><span class='ocrx_word' id='word_1_132' title='bbox 225 1991 300 2065; x_wconf 92' lang='lat' dir='ltr'><strong>Quid</strong></span> <span class='ocrx_word' id='word_1_133' title='bbox 318 1993 425 2052; x_wconf 87' lang='lat' dir='ltr'><strong>facient</strong></span> <span class='ocrx_word' id='word_1_134' title='bbox 443 1993 580 2068; x_wconf 85' lang='lat' dir='ltr'><strong>comites,</strong></span> <span class='ocrx_word' id='word_1_135' title='bbox 600 1993 704 2072; x_wconf 92' lang='lat' dir='ltr'><strong>quihus</strong></span> <span class='ocrx_word' id='word_1_136' title='bbox 720 1993 787 2053; x_wconf 89' lang='lat' dir='ltr'><strong>hinc</strong></span> <span class='ocrx_word' id='word_1_137' title='bbox 803 2003 888 2070; x_wconf 89' lang='lat' dir='ltr'><strong>toga,</strong></span> <span class='ocrx_word' id='word_1_138' title='bbox 906 1992 1024 2053; x_wconf 88' lang='lat' dir='ltr'><strong>calceus</strong></span> <span class='ocrx_word' id='word_1_139' title='bbox 1040 1993 1108 2053; x_wconf 92' lang='lat' dir='ltr'><strong>hinc</strong></span> <span class='ocrx_word' id='word_1_140' title='bbox 1126 2005 1173 2055; x_wconf 89' lang='lat' dir='ltr'><strong>est</strong></span> 
     </span>
     <span class='ocr_line' id='line_1_22' title="bbox 225 2073 1216 2155; baseline 0.006 -20"><span class='ocrx_word' id='word_1_141' title='bbox 225 2073 262 2135; x_wconf 81' lang='lat' dir='ltr'><strong>llt</strong></span> <span class='ocrx_word' id='word_1_142' title='bbox 283 2078 366 2154; x_wconf 89' lang='lat' dir='ltr'><strong>panis</strong></span> <span class='ocrx_word' id='word_1_143' title='bbox 389 2076 541 2155; x_wconf 89' lang='lat' dir='ltr'><strong>inmusque</strong></span> <span class='ocrx_word' id='word_1_144' title='bbox 564 2074 662 2136; x_wconf 83' lang='lat' dir='ltr'><strong>dorni?</strong></span> <span class='ocrx_word' id='word_1_145' title='bbox 683 2076 864 2137; x_wconf 87' lang='lat' dir='ltr'><strong>Densissima</strong></span> <span class='ocrx_word' id='word_1_146' title='bbox 885 2085 1000 2137; x_wconf 89' lang='lat' dir='ltr'><strong>centum</strong></span> <span class='ocrx_word' id='word_1_147' title='bbox 1163 2089 1216 2142; x_wconf 77' lang='lat'><strong>120</strong></span> 
     </span>
     <span class='ocr_line' id='line_1_23' title="bbox 225 2158 1016 2240; baseline 0.003 -22"><span class='ocrx_word' id='word_1_148' title='bbox 225 2158 409 2232; x_wconf 91' lang='lat' dir='ltr'><strong>Quadrantes</strong></span> <span class='ocrx_word' id='word_1_149' title='bbox 432 2158 539 2220; x_wconf 91' lang='lat' dir='ltr'><strong>lectica</strong></span> <span class='ocrx_word' id='word_1_150' title='bbox 561 2163 649 2238; x_wconf 89' lang='lat' dir='ltr'><strong>petit,</strong></span> <span class='ocrx_word' id='word_1_151' title='bbox 672 2163 862 2240; x_wconf 80' lang='lat' dir='ltr'><strong>sequiturque</strong></span> <span class='ocrx_word' id='word_1_152' title='bbox 884 2161 1016 2220; x_wconf 89' lang='lat' dir='ltr'><strong>maritum</strong></span> 
     </span>
     <span class='ocr_line' id='line_1_24' title="bbox 224 2241 1008 2322; baseline 0 -20"><span class='ocrx_word' id='word_1_153' title='bbox 224 2241 371 2320; x_wconf 79' lang='lat' dir='ltr'><strong>Languida</strong></span> <span class='ocrx_word' id='word_1_154' title='bbox 391 2242 441 2302; x_wconf 82' lang='lat' dir='ltr'><strong>uel</strong></span> <span class='ocrx_word' id='word_1_155' title='bbox 462 2261 607 2322; x_wconf 77' lang='lat' dir='ltr'><strong>praegnas</strong></span> <span class='ocrx_word' id='word_1_156' title='bbox 631 2252 660 2303; x_wconf 89' lang='lat' dir='ltr'><strong>et</strong></span> <span class='ocrx_word' id='word_1_157' title='bbox 682 2243 905 2304; x_wconf 89' lang='lat' dir='ltr'><strong>circumducitur</strong></span> <span class='ocrx_word' id='word_1_158' title='bbox 924 2261 1008 2303; x_wconf 85' lang='lat' dir='ltr'><strong>uxor.</strong></span> 
     </span>
     <span class='ocr_line' id='line_1_25' title="bbox 225 2325 938 2405; baseline 0.001 -20"><span class='ocrx_word' id='word_1_159' title='bbox 225 2325 279 2386; x_wconf 89' lang='lat' dir='ltr'><strong>llic</strong></span> <span class='ocrx_word' id='word_1_160' title='bbox 298 2329 372 2405; x_wconf 92' lang='lat' dir='ltr'><strong>petit</strong></span> <span class='ocrx_word' id='word_1_161' title='bbox 393 2327 521 2402; x_wconf 86' lang='lat' dir='ltr'><strong>absenti,</strong></span> <span class='ocrx_word' id='word_1_162' title='bbox 547 2335 615 2387; x_wconf 87' lang='lat' dir='ltr'><strong>nota</strong></span> <span class='ocrx_word' id='word_1_163' title='bbox 636 2329 693 2387; x_wconf 92' lang='lat' dir='ltr'><strong>iam</strong></span> <span class='ocrx_word' id='word_1_164' title='bbox 714 2327 836 2389; x_wconf 88' lang='lat' dir='ltr'><strong>callidus</strong></span> <span class='ocrx_word' id='word_1_165' title='bbox 858 2335 938 2403; x_wconf 89' lang='lat' dir='ltr'><strong>arte,</strong></span> 
     </span>
     <span class='ocr_line' id='line_1_26' title="bbox 226 2407 1093 2490; baseline 0.002 -22"><span class='ocrx_word' id='word_1_166' title='bbox 226 2407 391 2470; x_wconf 88' lang='lat' dir='ltr'><strong>Ostendens</strong></span> <span class='ocrx_word' id='word_1_167' title='bbox 411 2427 531 2470; x_wconf 84' lang='lat' dir='ltr'><strong>uacuam</strong></span> <span class='ocrx_word' id='word_1_168' title='bbox 553 2419 583 2469; x_wconf 87' lang='lat' dir='ltr'><strong>et</strong></span> <span class='ocrx_word' id='word_1_169' title='bbox 605 2411 732 2471; x_wconf 89' lang='lat' dir='ltr'><strong>clausam</strong></span> <span class='ocrx_word' id='word_1_170' title='bbox 754 2428 807 2490; x_wconf 98' lang='lat' dir='ltr'><strong>pro</strong></span> <span class='ocrx_word' id='word_1_171' title='bbox 832 2413 956 2488; x_wconf 92' lang='lat' dir='ltr'><strong>coniuge</strong></span> <span class='ocrx_word' id='word_1_172' title='bbox 980 2412 1093 2472; x_wconf 87' lang='lat' dir='ltr'><strong>sellam.</strong></span> 
     </span>
     <span class='ocr_line' id='line_1_27' title="bbox 227 2491 1216 2572; baseline 0.002 -20"><span class='ocrx_word' id='word_1_173' title='bbox 227 2491 309 2552; x_wconf 84' lang='lat' dir='ltr'><strong>Galla</strong></span> <span class='ocrx_word' id='word_1_174' title='bbox 330 2510 394 2552; x_wconf 90' lang='lat' dir='ltr'><strong>mea</strong></span> <span class='ocrx_word' id='word_1_175' title='bbox 417 2501 480 2569; x_wconf 89' lang='lat' dir='ltr'><strong>est,</strong></span> <span class='ocrx_word' id='word_1_176' title='bbox 501 2495 607 2572; x_wconf 92' lang='lat' dir='ltr'><strong>inquit,</strong></span> <span class='ocrx_word' id='word_1_177' title='bbox 630 2495 713 2554; x_wconf 92' lang='lat' dir='ltr'><strong>citius</strong></span> <span class='ocrx_word' id='word_1_178' title='bbox 736 2495 859 2563; x_wconf 91' lang='lat' dir='ltr'><strong>dimitte;</strong></span> <span class='ocrx_word' id='word_1_179' title='bbox 881 2493 1025 2555; x_wconf 74' lang='lat' dir='ltr'><strong>moraris?</strong></span> <span class='ocrx_word' id='word_1_180' title='bbox 1165 2509 1216 2561; x_wconf 74' lang='lat'><strong>125</strong></span> 
     </span>
     <span class='ocr_line' id='line_1_28' title="bbox 226 2575 1012 2657; baseline 0.001 -21"><span class='ocrx_word' id='word_1_181' title='bbox 226 2575 329 2636; x_wconf 87' lang='lat' dir='ltr'><strong>Proler</strong></span> <span class='ocrx_word' id='word_1_182' title='bbox 352 2575 434 2636; x_wconf 81' lang='lat' dir='ltr'><strong>Galla</strong></span> <span class='ocrx_word' id='word_1_183' title='bbox 456 2578 557 2654; x_wconf 88' lang='lat' dir='ltr'><strong>eaput!</strong></span> <span class='ocrx_word' id='word_1_184' title='bbox 581 2578 641 2638; x_wconf 93' lang='lat' dir='ltr'><strong>noli</strong></span> <span class='ocrx_word' id='word_1_185' title='bbox 658 2596 787 2653; x_wconf 81' lang='lat' dir='ltr'><strong>vexare,</strong></span> <span class='ocrx_word' id='word_1_186' title='bbox 811 2580 953 2657; x_wconf 88' lang='lat' dir='ltr'><strong>quiescet.</strong></span> <span class='ocrx_word' id='word_1_187' title='bbox 969 2615 1012 2628; x_wconf 91' lang='lat'><em>-</em></span> 
     </span>
     <span class='ocr_line' id='line_1_29' title="bbox 225 2657 982 2740; baseline 0.004 -23"><span class='ocrx_word' id='word_1_188' title='bbox 225 2657 295 2736; x_wconf 89' lang='lat' dir='ltr'><strong>lpse</strong></span> <span class='ocrx_word' id='word_1_189' title='bbox 316 2657 380 2718; x_wconf 92' lang='lat' dir='ltr'><strong>dies</strong></span> <span class='ocrx_word' id='word_1_190' title='bbox 401 2658 524 2738; x_wconf 90' lang='lat' dir='ltr'><strong>pulchro</strong></span> <span class='ocrx_word' id='word_1_191' title='bbox 545 2661 727 2740; x_wconf 88' lang='lat' dir='ltr'><strong>distinguitur</strong></span> <span class='ocrx_word' id='word_1_192' title='bbox 746 2662 848 2722; x_wconf 89' lang='lat' dir='ltr'><strong>ordine</strong></span> <span class='ocrx_word' id='word_1_193' title='bbox 869 2680 982 2722; x_wconf 88' lang='lat' dir='ltr'><strong>rerum:</strong></span> 
     </span>
     <span class='ocr_line' id='line_1_30' title="bbox 227 2741 1037 2825; baseline 0.005 -25"><span class='ocrx_word' id='word_1_194' title='bbox 227 2741 381 2820; x_wconf 89' lang='lat' dir='ltr'><strong>Sportula,</strong></span> <span class='ocrx_word' id='word_1_195' title='bbox 405 2743 511 2804; x_wconf 90' lang='lat' dir='ltr'><strong>deinde</strong></span> <span class='ocrx_word' id='word_1_196' title='bbox 532 2746 625 2805; x_wconf 88' lang='lat' dir='ltr'><strong>iorum</strong></span> <span class='ocrx_word' id='word_1_197' title='bbox 647 2747 775 2825; x_wconf 90' lang='lat' dir='ltr'><strong>iurisque</strong></span> <span class='ocrx_word' id='word_1_198' title='bbox 795 2746 907 2824; x_wconf 90' lang='lat' dir='ltr'><strong>peritus</strong></span> <span class='ocrx_word' id='word_1_199' title='bbox 928 2744 1037 2824; x_wconf 79' lang='lat' dir='ltr'><strong>Apollo</strong></span> 
     </span>
     <span class='ocr_line' id='line_1_31' title="bbox 226 2826 984 2908; baseline 0.005 -24"><span class='ocrx_word' id='word_1_200' title='bbox 226 2826 324 2905; x_wconf 77' lang='lat' dir='ltr'><strong>Atque</strong></span> <span class='ocrx_word' id='word_1_201' title='bbox 348 2826 552 2905; x_wconf 90' lang='lat' dir='ltr'><strong>triumphales,</strong></span> <span class='ocrx_word' id='word_1_202' title='bbox 575 2831 649 2888; x_wconf 92' lang='lat' dir='ltr'><strong>inter</strong></span> <span class='ocrx_word' id='word_1_203' title='bbox 669 2848 741 2908; x_wconf 92' lang='lat' dir='ltr'><strong>quas</strong></span> <span class='ocrx_word' id='word_1_204' title='bbox 763 2848 850 2891; x_wconf 89' lang='lat' dir='ltr'><strong>ausus</strong></span> <span class='ocrx_word' id='word_1_205' title='bbox 872 2829 984 2890; x_wconf 91' lang='lat' dir='ltr'><strong>hahere</strong></span> 
     </span>
     <span class='ocr_line' id='line_1_32' title="bbox 226 2907 1219 2993; baseline 0.012 -25"><span class='ocrx_word' id='word_1_206' title='bbox 226 2907 335 2969; x_wconf 88' lang='lat' dir='ltr'><strong>Nescio</strong></span> <span class='ocrx_word' id='word_1_207' title='bbox 358 2910 423 2989; x_wconf 92' lang='lat' dir='ltr'><strong>quis</strong></span> <span class='ocrx_word' id='word_1_208' title='bbox 444 2911 543 2972; x_wconf 91' lang='lat' dir='ltr'><strong>titulos</strong></span> <span class='ocrx_word' id='word_1_209' title='bbox 565 2914 730 2992; x_wconf 76' lang='lat' dir='ltr'><strong>Aegyptius</strong></span> <span class='ocrx_word' id='word_1_210' title='bbox 751 2921 838 2993; x_wconf 89' lang='lat' dir='ltr'><strong>atque</strong></span> <span class='ocrx_word' id='word_1_211' title='bbox 860 2912 1063 2988; x_wconf 80' lang='lat' dir='ltr'><strong>Arabarches,</strong></span> <span class='ocrx_word' id='word_1_212' title='bbox 1164 2925 1219 2980; x_wconf 79' lang='grc'>130</span> 
     </span>
    </p>
   </div>
   <div class='ocr_carea' id='block_1_7' title="bbox 100 2989 1003 3072">
    <p class='ocr_par' dir='ltr' id='par_1_12' title="bbox 100 2989 1003 3072">
     <span class='ocr_line' id='line_1_33' title="bbox 100 2989 1003 3072; baseline 0.004 -22"><span class='ocrx_word' id='word_1_213' title='bbox 100 3063 104 3072; x_wconf 29' lang='lat'>¹</span> <span class='ocrx_word' id='word_1_214' title='bbox 227 2989 316 3051; x_wconf 78' lang='lat' dir='ltr'><strong>Cuius</strong></span> <span class='ocrx_word' id='word_1_215' title='bbox 337 2993 373 3054; x_wconf 90' lang='lat' dir='ltr'><strong>ad</strong></span> <span class='ocrx_word' id='word_1_216' title='bbox 394 2994 521 3072; x_wconf 85' lang='lat' dir='ltr'><strong>effigiem</strong></span> <span class='ocrx_word' id='word_1_217' title='bbox 542 3015 600 3057; x_wconf 93' lang='lat' dir='ltr'><strong>non</strong></span> <span class='ocrx_word' id='word_1_218' title='bbox 621 3006 728 3057; x_wconf 91' lang='lat' dir='ltr'><strong>tantum</strong></span> <span class='ocrx_word' id='word_1_219' title='bbox 746 2999 856 3057; x_wconf 89' lang='lat' dir='ltr'><strong>meiere</strong></span> <span class='ocrx_word' id='word_1_220' title='bbox 880 2997 924 3057; x_wconf 89' lang='lat' dir='ltr'><strong>ias</strong></span> <span class='ocrx_word' id='word_1_221' title='bbox 948 3005 1003 3056; x_wconf 88' lang='lat' dir='ltr'><strong>est.</strong></span> 
     </span>
    </p>
   </div>
   <div class='ocr_carea' id='block_1_8' title="bbox 225 3075 1219 3574">
    <p class='ocr_par' dir='ltr' id='par_1_13' title="bbox 225 3075 945 3160">
     <span class='ocr_line' id='line_1_34' title="bbox 225 3075 945 3160; baseline 0.01 -26"><span class='ocrx_word' id='word_1_222' title='bbox 225 3075 386 3136; x_wconf 79' lang='lat' dir='ltr'><strong>vestibulis</strong></span> <span class='ocrx_word' id='word_1_223' title='bbox 407 3077 513 3139; x_wconf 89' lang='lat' dir='ltr'><strong>aheunt</strong></span> <span class='ocrx_word' id='word_1_224' title='bbox 533 3090 652 3141; x_wconf 84' lang='lat' dir='ltr'><strong>ueteres</strong></span> <span class='ocrx_word' id='word_1_225' title='bbox 671 3078 799 3160; x_wconf 89' lang='lat' dir='ltr'><strong>lassique</strong></span> <span class='ocrx_word' id='word_1_226' title='bbox 823 3080 945 3141; x_wconf 89' lang='lat' dir='ltr'><strong>clientes</strong></span> 
     </span>
    </p>

    <p class='ocr_par' dir='ltr' id='par_1_14' title="bbox 225 3159 1064 3243">
     <span class='ocr_line' id='line_1_35' title="bbox 225 3159 1064 3243; baseline 0.006 -25"><span class='ocrx_word' id='word_1_227' title='bbox 225 3159 360 3238; x_wconf 89' lang='lat' dir='ltr'><strong>Votaque</strong></span> <span class='ocrx_word' id='word_1_228' title='bbox 382 3161 546 3240; x_wconf 89' lang='lat' dir='ltr'><strong>deponunt,</strong></span> <span class='ocrx_word' id='word_1_229' title='bbox 569 3182 739 3243; x_wconf 90' lang='lat' dir='ltr'><strong>quamquam</strong></span> <span class='ocrx_word' id='word_1_230' title='bbox 761 3165 929 3242; x_wconf 90' lang='lat' dir='ltr'><strong>longissima</strong></span> <span class='ocrx_word' id='word_1_231' title='bbox 951 3181 1064 3224; x_wconf 85' lang='lat' dir='ltr'><strong>coenae</strong></span> 
     </span>
    </p>

    <p class='ocr_par' dir='ltr' id='par_1_15' title="bbox 226 3243 1071 3328">
     <span class='ocr_line' id='line_1_36' title="bbox 226 3243 1071 3328; baseline 0.005 -24"><span class='ocrx_word' id='word_1_232' title='bbox 226 3245 303 3323; x_wconf 88' lang='lat' dir='ltr'><strong>Spes</strong></span> <span class='ocrx_word' id='word_1_233' title='bbox 323 3243 445 3315; x_wconf 92' lang='lat' dir='ltr'><strong>homini;</strong></span> <span class='ocrx_word' id='word_1_234' title='bbox 468 3247 559 3307; x_wconf 90' lang='lat' dir='ltr'><strong>caulis</strong></span> <span class='ocrx_word' id='word_1_235' title='bbox 582 3248 696 3307; x_wconf 90' lang='lat' dir='ltr'><strong>miseris</strong></span> <span class='ocrx_word' id='word_1_236' title='bbox 718 3258 804 3328; x_wconf 90' lang='lat' dir='ltr'><strong>atque</strong></span> <span class='ocrx_word' id='word_1_237' title='bbox 826 3249 900 3326; x_wconf 89' lang='lat' dir='ltr'><strong>ignis</strong></span> <span class='ocrx_word' id='word_1_238' title='bbox 922 3247 1071 3309; x_wconf 89' lang='lat' dir='ltr'><strong>emendus.</strong></span> 
     </span>
    </p>

    <p class='ocr_par' dir='ltr' id='par_1_16' title="bbox 226 3325 1219 3496">
     <span class='ocr_line' id='line_1_37' title="bbox 227 3325 1219 3412; baseline 0.014 -27"><span class='ocrx_word' id='word_1_239' title='bbox 227 3325 340 3406; x_wconf 88' lang='lat' dir='ltr'><strong>Optima</strong></span> <span class='ocrx_word' id='word_1_240' title='bbox 363 3328 498 3390; x_wconf 87' lang='lat' dir='ltr'><strong>silvarum</strong></span> <span class='ocrx_word' id='word_1_241' title='bbox 519 3331 630 3392; x_wconf 92' lang='lat' dir='ltr'><strong>interea</strong></span> <span class='ocrx_word' id='word_1_242' title='bbox 649 3332 807 3412; x_wconf 88' lang='lat' dir='ltr'><strong>pelagique</strong></span> <span class='ocrx_word' id='word_1_243' title='bbox 828 3333 943 3394; x_wconf 86' lang='lat' dir='ltr'><strong>vorabit</strong></span> <span class='ocrx_word' id='word_1_244' title='bbox 968 3335 970 3338; x_wconf 80' lang='grc'><strong>’</strong></span> <span class='ocrx_word' id='word_1_245' title='bbox 1009 3385 1016 3400; x_wconf 36' lang='grc'>1</span> <span class='ocrx_word' id='word_1_246' title='bbox 1167 3344 1219 3399; x_wconf 76' lang='grc'>135</span> 
     </span>
     <span class='ocr_line' id='line_1_38' title="bbox 226 3409 1062 3496; baseline 0.005 -27"><span class='ocrx_word' id='word_1_247' title='bbox 226 3409 292 3470; x_wconf 85' lang='lat' dir='ltr'><strong>Rex</strong></span> <span class='ocrx_word' id='word_1_248' title='bbox 312 3410 431 3488; x_wconf 91' lang='lat' dir='ltr'><strong>horum,</strong></span> <span class='ocrx_word' id='word_1_249' title='bbox 454 3415 613 3493; x_wconf 89' lang='lat' dir='ltr'><strong>vacuisque</strong></span> <span class='ocrx_word' id='word_1_250' title='bbox 635 3417 707 3475; x_wconf 94' lang='lat' dir='ltr'><strong>toris</strong></span> <span class='ocrx_word' id='word_1_251' title='bbox 726 3426 834 3477; x_wconf 88' lang='lat' dir='ltr'><strong>tantum</strong></span> <span class='ocrx_word' id='word_1_252' title='bbox 855 3418 921 3496; x_wconf 91' lang='lat' dir='ltr'><strong>ipse</strong></span> <span class='ocrx_word' id='word_1_253' title='bbox 944 3415 1062 3476; x_wconf 89' lang='lat' dir='ltr'><strong>iacebit.</strong></span> 
     </span>
    </p>

    <p class='ocr_par' dir='ltr' id='par_1_17' title="bbox 226 3493 975 3574">
     <span class='ocr_line' id='line_1_39' title="bbox 226 3493 975 3574; baseline 0.009 -21"><span class='ocrx_word' id='word_1_254' title='bbox 226 3493 298 3554; x_wconf 89' lang='lat' dir='ltr'><strong>Nam</strong></span> <span class='ocrx_word' id='word_1_255' title='bbox 321 3493 357 3553; x_wconf 95' lang='lat' dir='ltr'><strong>de</strong></span> <span class='ocrx_word' id='word_1_256' title='bbox 379 3503 423 3555; x_wconf 93' lang='lat' dir='ltr'><strong>tot</strong></span> <span class='ocrx_word' id='word_1_257' title='bbox 440 3495 570 3574; x_wconf 86' lang='lat' dir='ltr'><strong>pulchris</strong></span> <span class='ocrx_word' id='word_1_258' title='bbox 592 3507 622 3556; x_wconf 90' lang='lat' dir='ltr'><strong>et</strong></span> <span class='ocrx_word' id='word_1_259' title='bbox 642 3498 707 3558; x_wconf 91' lang='lat' dir='ltr'><strong>latis</strong></span> <span class='ocrx_word' id='word_1_260' title='bbox 725 3498 846 3559; x_wconf 88' lang='lat' dir='ltr'><strong>orhihus</strong></span> <span class='ocrx_word' id='word_1_261' title='bbox 867 3509 897 3560; x_wconf 92' lang='lat' dir='ltr'><strong>et</strong></span> <span class='ocrx_word' id='word_1_262' title='bbox 919 3509 975 3560; x_wconf 87' lang='lat' dir='ltr'><strong>tam</strong></span> 
     </span>
    </p>
   </div>
   <div class='ocr_carea' id='block_1_9' title="bbox 0 0 1306 4006">
    <p class='ocr_par' dir='ltr' id='par_1_18' title="bbox 0 0 1306 4006">
     <span class='ocr_line' id='line_1_40' title="bbox 0 0 1306 4006; baseline 0 0"><span class='ocrx_word' id='word_1_263' title='bbox 0 0 1306 4006; x_wconf 95' lang='lat' dir='ltr'><strong> </strong></span> 
     </span>
    </p>
   </div>
  </div>
 </body>
</html>
