2600 4006
230 261 289 309 XVI
611 255 818 304 PRAEFATIO.

225 417 395 477 quemcunque
411 402 521 458 nobilem
537 400 640 457 volueris
658 399 778 454 revolvens
795 396 824 450 ad
834 395 993 451 humilitatem
1010 404 1166 468 perventurus
1177 400 1211 454 sis

226 489 459 558 (1.269-275).
494 483 565 540 Nono
583 483 654 538 satim
670 484 694 536 in
711 480 824 549 colloquii
843 480 946 535 formam
965 480 1080 550 disposita
1098 489 1148 546 est,
1169 482 1211 538 ubi

226 572 348 629 Naeuolus
367 571 504 628 aluvcnale
521 575 619 639 propter
630 564 749 619 tristitiam
770 569 794 616 et
807 563 945 634 squalorem
961 564 1125 634 interpellatus
1143 565 1210 632 (v.1

228 683 266 698 -
278 657 327 721 26)
339 657 362 712 in
374 656 474 712 divitum
487 650 638 708 cinaedorum
649 647 769 702 auaritiam
781 646 907 710 invehitur,
921 649 960 718 qui
971 648 1064 704 miseris
1075 650 1211 714 clientibus,

226 757 288 814 quos
306 741 336 796 ad
353 739 481 794 muliebres
492 735 625 803 voluptates
637 731 765 800 explendas
777 730 951 797 conduxerint,
968 747 999 786 ne
1009 733 1146 788 mercedem
1159 734 1212 804 qui·

227 825 282 882 dem
293 824 399 881 debitam
410 822 501 876 soluere
512 817 642 887 dignentur
653 814 690 881 (o.
705 815 784 872 27-
794 816 873 883 101),
885 821 956 884 poeta
967 830 1023 871 vero
1035 816 1140 871 vicissim
1152 817 1212 872 isto·

227 925 282 964 rum
292 908 417 963 hominum
433 899 604 971 turpitudinem
617 905 688 970 atque
701 898 873 968 impudentiam
886 898 1003 970 castigat,
1022 901 1127 971 quitatis
1139 915 1213 972 quae-

226 999 279 1047 stus
296 989 417 1046 infamiam
435 986 499 1040 sicca
518 984 597 1038 fronto
622 981 777 1053 profiteantur
794 981 829 1046 (v.
848 985 1034 1053 lot—loom
1052 999 1113 1056 quae
1130 991 1212 1040 mmcn

227 1074 306 1130 omnia
313 1069 479 1126 liceteandem
486 1066 515 1121 ad
522 1066 711 1138 indignationem
717 1065 858 1137 dirigantur,
864 1081 936 1136 qaam
943 1073 1037 1122 ceterae
1043 1068 1164 1123 Iuvenalis
1174 1084 1210 1123 sa-

228 1158 289 1212 tirae
296 1156 396 1226 spirant,
403 1153 464 1206 baeo
469 1151 535 1205 velut
546 1151 691 1222 contagione
697 1150 785 1206 inlecta
792 1150 928 1222 argumenti
934 1150 1017 1205 sordes
1024 1157 1090 1206 buta
1097 1152 1213 1208 orationis

227 1240 378 1297 obscenitate
395 1242 480 1306 aequat
489 1233 666 1306 verborumque
681 1234 814 1290 nuditatem
825 1241 875 1288 tam
891 1233 1004 1288 tenuibus
1021 1235 1078 1290 artis
1089 1235 1212 1291 coloribus

225 1325 301 1388 velat,
321 1327 348 1375 ut
360 1318 532 1374 accuratiorem
542 1319 716 1374 enarratIouem
727 1333 774 1372 non
786 1318 862 1387 pudor
873 1318 951 1390 magis
962 1333 1034 1389 quam
1044 1319 1095 1389 ipsa
1106 1334 1212 1376 oecono-

227 1408 289 1462 miae
300 1404 391 1460 ruditas
402 1401 523 1456 excludat.

310 1487 387 1544 llulto
404 1491 429 1540 et
446 1485 539 1557 gratior
558 1495 583 1540 et
601 1485 696 1541 doctior
712 1485 793 1558 pocati
809 1485 864 1540 libri
878 1487 992 1543 severitas
1003 1493 1052 1551 est,
1065 1486 1107 1541 ubi
1118 1487 1211 1544 mama

225 1575 297 1630 satira
307 1572 458 1627 decantatam
469 1569 493 1624 in
505 1568 702 1640 philosophorum
712 1568 778 1624 libris
790 1576 903 1624 votomm
913 1569 1072 1626 bumanorum
1079 1571 1210 1626 uanitatem

225 1659 298 1729 longa
310 1653 476 1724 exemplorum
487 1654 548 1708 serie
558 1653 591 1708 ita
604 1654 721 1718 illustrat,
733 1659 760 1707 ut
771 1653 866 1708 easdem
877 1669 923 1719 res,
936 1669 996 1726 quae
1003 1654 1078 1726 uulgo
1089 1654 1209 1710 bonorum

224 1754 318 1797 summa
329 1736 475 1802 habeantur,
493 1737 610 1807 ancipites
625 1737 730 1807 ipsisque
747 1736 886 1806 optantibus
902 1738 1048 1808 perniciosas
1058 1753 1112 1792 esse
1123 1738 1209 1794 doceat

225 1825 410 1892 (v.1-11);
427 1821 491 1892 quod
501 1827 628 1892 postquam
639 1820 743 1890 primum
753 1820 887 1876 divitiarum
904 1827 1047 1892 argumento
1059 1821 1207 1877 adumbravit

225 1909 260 1973 (r.
272 1908 426 1975 12-27),
446 1906 536 1975 priscas
547 1903 679 1960 Democriti
695 1910 720 1958 et
731 1903 843 1959 Hemcliti
854 1907 1008 1962 auctoritates
1024 1911 1111 1960 testata
1123 1905 1159 1972 (v.
1172 1911 1208 1964 28

226 2019 262 2028 -
271 1993 319 2059 58)
339 1990 444 2060 quinque
461 1989 566 2044 maxime
577 1994 688 2043 votnmm
699 2002 803 2060 genera,
817 2003 865 2061 quo
880 1989 951 2044 altitu
962 1995 1102 2061 assurgant,
1114 2004 1144 2044 eo
1155 2005 1207 2044 ma·

224 2076 274 2128 iora
288 2073 399 2129 lortnnae
409 2073 511 2130 ludibria
522 2074 661 2143 permittere
671 2073 833 2140 demonstrat,
845 2073 976 2144 potentiam
988 2073 1024 2140 (v.
1037 2077 1205 2143 stt—113),

224 2157 385 2228 eloquentiam
398 2157 434 2224 (v.
448 2162 499 2216 114
508 2185 544 2195 —
553 2159 634 2227 182),
645 2155 703 2212 bebi
713 2156 816 2228 gloriam
828 2155 864 2222 (v.
876 2161 928 2216 133
938 2185 973 2195 -
982 2160 1055 2227 187),
1068 2157 1142 2212 vitam
1152 2156 1206 2212 lon·
1278 2185 1279 2190 κ

224 2256 282 2314 gam
294 2241 329 2308 (v.
343 2245 394 2300 188
402 2269 439 2280 -
448 2243 523 2310 288),
536 2240 737 2310 pulchritudinem
749 2239 785 2306 (v.
799 2242 895 2298 289-
905 2243 985 2310 345);
1003 2241 1106 2312 denique
1115 2241 1136 2295 si
1147 2241 1205 2311 quid

223 2325 315 2380 bomini
332 2324 464 2395 optandum
482 2338 535 2378 asse
544 2323 666 2389 videatur,
681 2324 759 2378 solam
768 2323 919 2393 prudentiam
928 2325 1052 2396 relinquit,
1070 2339 1142 2397 quam
1153 2324 1205 2394 ipse

223 2408 269 2464 sibi
280 2409 337 2464 dare
346 2409 423 2477 possit
435 2406 470 2473 (v.
482 2409 651 2475 aco—366).
672 2404 815 2461 Undecimoe
825 2422 920 2478 quoque
930 2408 1016 2464 satirae
1026 2415 1108 2472 tenor,
1120 2423 1204 2479 quarn
1277 2415 1278 2448 l

224 2493 260 2547 uis
274 2491 372 2562 propius
383 2491 413 2546 ad
428 2491 501 2545 dmm
513 2490 674 2560 quotidianam
685 2489 796 2554 accedat,
809 2505 838 2545 eo
850 2497 930 2546 tamen
940 2508 953 2546 a
963 2492 1126 2562 superioribus
1136 2491 1204 2546 libris

224 2575 393 2647 distinguitur,
411 2575 542 2646 quodcum
553 2573 622 2630 solta
632 2588 798 2643 perversomm
809 2575 942 2631 studiorum
954 2576 1063 2632 irrisione
1074 2576 1205 2632 iucundam

224 2674 296 2715 sanae
305 2673 334 2712 ac
343 2657 438 2713 sobriae
447 2658 511 2712 vitae
521 2658 653 2730 imaginem
666 2658 791 2730 coniungit
805 2659 962 2731 Persicoque,
975 2675 1046 2731 quem
1059 2659 1205 2730 Megalesio-

225 2757 278 2797 mm
290 2742 329 2797 die
338 2741 401 2797 festo
411 2742 442 2798 ad
455 2742 569 2798 masticam
580 2755 679 2796 coenam
691 2742 785 2807 invitat,
802 2748 858 2813 post
868 2743 964 2799 brevem
975 2743 1157 2813 intempestivae
1167 2743 1205 2802 lu·
1275 2805 1276 2808 Ἴ

225 2827 308 2881 xuriae
317 2826 526 2896 reprehensionem
538 2826 574 2892 (r.
587 2833 648 2884 1-
657 2828 705 2895 55)
717 2827 836 2898 ingenuae
846 2827 991 2899 lmgalitatis
1002 2827 1139 2896 exemplum
1149 2841 1206 2896 pro·

225 2911 305 2982 ponit,
324 2926 371 2981 quo
387 2925 444 2966 cum
461 2917 576 2980 perpetua
599 2911 750 2981 antiquonum
773 2926 869 2966 morum
891 2912 1069 2981 comparatione
1084 2910 1206 2980 descripto

226 2994 262 3060 (v.
274 2999 352 3053 56—
365 2996 429 3064 161)
447 2994 492 3048 sub
502 2994 575 3048 tinem
585 2994 684 3049 demum
701 2994 730 3050 ad
746 2996 880 3066 voluptates
898 2995 1033 3066 aequalium
1053 2993 1091 3060 (v.
1105 2997 1156 3051 162
1167 3021 1204 3032 -

226 3081 290 3146 180)
302 3091 422 3148 imasque
432 3091 502 3132 curas
512 3077 587 3145 redit,
600 3093 658 3149 quas
669 3079 773 3134 amicum
784 3080 846 3150 apud
856 3093 883 3134 se
893 3079 1012 3149 deponere
1023 3077 1090 3133 iubet
1105 3078 1141 3145 (r.
1156 3080 1206 3136 181

228 3163 354 3231 -208);
372 3160 503 3232 similisque
521 3161 670 3218 morae
687 3163 793 3219 conditio
805 3169 854 3226 est,
873 3163 942 3216 cuius
953 3177 1027 3233 quum
1038 3160 1140 3231 plurima
1151 3175 1209 3230 pars

226 3245 412 3315 intempestatis
422 3245 528 3301 marinae
537 3247 698 3317 descriptione
713 3252 830 3310 versetur,
850 3245 913 3300 unde
924 3245 1045 3300 familiaris
1063 3249 1149 3315 poetae
1161 3243 1209 3300 Ca·
1256 3302 1259 3319 ,

227 3329 301 3384 tullus
312 3329 352 3385 viu
362 3344 446 3401 sospes
456 3330 552 3386 redierit
563 3331 600 3397 (u.
614 3335 646 3389 15
655 3357 691 3368 ·-
700 3334 756 3401 82),
768 3330 855 3384 satirae
864 3329 956 3384 indoles
967 3329 991 3384 in
1002 3328 1031 3383 iis
1043 3334 1136 3382 mutum
1146 3328 1210 3383 locis

228 3413 346 3482 cemitur‚
363 3414 406 3470 ubi
419 3414 537 3470 luvenalis
552 3415 710 3470 uoluntariam
722 3414 793 3468 amici
803 3414 919 3468 iacturam
930 3414 1032 3468 aliorum
1041 3411 1154 3468 avaritiae
1164 3428 1210 3482 op-

226 3498 295 3570 ponit
311 3497 347 3566 (r.
361 3503 513 3569 37·-56),
532 3506 557 3554 et
573 3498 613 3554 ubi
630 3513 701 3553 suum
716 3497 873 3562 sacrificium,
891 3513 939 3568 quc
955 3498 1018 3552 illius
1028 3496 1133 3553 reditum
1144 3496 1210 3550 cele-

227 3581 298 3638 brare
314 3588 381 3654 parat
397 3584 434 3651 (v.
448 3588 462 3639 1
475 3610 511 3621 ·-
521 3586 584 3653 14),
602 3582 632 3636 ab
651 3582 782 3637 ambitiosis
800 3587 949 3653 captatomm
966 3581 1057 3636 artibus
1076 3579 1211 3651 seiungens
