2600 4006
212 200 247 261 10
534 211 570 258 n.
593 210 664 256 run.
687 207 872 255 mammenus

207 350 244 412 Et
265 359 379 411 contum
401 358 429 410 et
452 349 554 427 Stygio
575 365 661 409 ranas
684 346 848 424 ingurgito
867 346 975 423 nigras,
1147 359 1199 410 150

207 437 304 515 Atque
329 452 384 495 una
405 433 527 493 transire
550 431 653 493 vadum
674 439 718 490 tot
739 429 817 490 milia
847 429 959 506 cymba,

206 518 271 579 Nec
290 519 372 597 pueri
396 517 528 591 credunt,
548 516 602 574 nisi
625 516 673 594 qui
691 514 816 574 nondum
837 531 906 575 aare
929 514 1067 574 lavantur.

208 603 268 663 Sed
289 612 318 662 tu
336 619 407 661 uera
428 609 511 678 puta:
535 596 639 659 (iarius
662 597 730 677 quid
753 599 840 658 sentit
863 605 892 658 et
906 596 991 657 ambo

206 686 378 764 Scipiadae,
404 684 471 763 qnid
492 682 643 744 Fabricius
663 699 822 760 manesque
844 678 969 756 Camilli,

207 769 281 843 Quid
305 766 462 828 Cremerae
484 766 563 844 legio
586 775 614 826 ct
637 763 743 826 (isonis
763 775 931 843 consumpta
951 765 1094 844 iuventus,
1145 779 1200 832 155

208 852 263 912 'lot
284 851 428 912 bellorum
453 852 583 926 animae,
607 851 723 929 quoties
746 849 815 909 lriuc
835 848 901 910 talis
922 849 959 909 ad
982 849 1049 910 illos

207 935 314 996 Umbra
332 931 431 995 venit?
454 942 595 1012 cuperent
613 934 741 1010 lustrari,
766 934 790 992 si
809 949 863 1010 qua
879 933 1015 994 darentur

208 1018 321 1079 Suliura
344 1036 408 1078 cum
436 1018 543 1093 taedis,
579 1024 610 1075 et
643 1018 667 1077 si
687 1016 764 1076 ieret
785 1016 899 1076 humida
917 1016 1024 1076 laurus.

207 1102 297 1180 illuc,
319 1100 394 1178 ben,
416 1101 514 1160 miseri
537 1100 725 1161 traducimur!
747 1099 835 1160 Arma
859 1100 973 1178 quidem
997 1101 1070 1161 ultra

208 1184 304 1246 Litora
324 1183 468 1245 laternae
489 1185 687 1262 promovimus
708 1193 738 1244 ct
760 1184 846 1245 modo
870 1193 971 1262 captas
1148 1197 1199 1250 160

209 1268 340 1329 Onoadas
361 1287 396 1328 ac
415 1269 529 1328 minima
552 1276 705 1329 contentos
728 1278 814 1328 nocte
837 1268 1003 1343 Britannos3

208 1352 268 1412 Sed
287 1370 362 1431 quae
385 1370 460 1412 nnnc
482 1353 582 1430 populi
602 1353 670 1412 liunt
691 1352 812 1412 uictoris
833 1353 861 1411 in
884 1351 967 1427 urbe,

207 1434 273 1495 Non
294 1435 401 1496 iaciunt
422 1435 480 1513 illi,
504 1452 578 1514 quos
595 1437 727 1496 vicimus.
772 1434 809 1495 ldt
830 1445 926 1495 tamen
948 1453 1020 1495 unus

209 1519 364 1580 Armenius
386 1519 510 1581 Zalaces
534 1520 644 1580 cunctis
665 1529 797 1580 narratur
815 1519 940 1598 ephebis

208 1602 325 1664 Mollior
346 1604 459 1664 ardenti
480 1621 548 1664 sese
570 1604 726 1665 indulsisse
747 1605 871 1664 tribuno.
1148 1613 1198 1666 165

208 1687 338 1766 Aspice,
359 1688 426 1766 quid
448 1687 556 1747 iaciant
579 1688 768 1748 commercia!
790 1697 911 1748 uenerat
934 1686 1038 1761 abscs;

208 1769 262 1830 Hic
281 1770 350 1830 liunt
371 1770 513 1831 homines.
559 1770 630 1831 Nam
653 1772 677 1830 si
699 1789 778 1832 mora
800 1772 915 1849 longior
937 1772 1037 1831 urbem

207 1852 328 1914 Indulsit
349 1855 465 1933 pueris,
487 1871 544 1914 non
567 1873 700 1934 umquam
723 1856 818 1915 deerit
840 1865 966 1930 amator;

207 1935 354 1998 blittentur
372 1937 516 2014 braccae,
541 1939 669 2014 cultelli,
692 1940 793 2015 irena,
813 1939 975 2018 llagellnm:

208 2021 258 2081 Sic
280 2030 482 2100 praetextatos
504 2023 634 2082 referunt
655 2022 794 2084 Artaxata
814 2040 920 2084 mores.
1148 2033 1198 2088 rto

616 2231 799 2240 ———----

539 2387 777 2452 SATIRA
804 2387 866 2451 HI.

209 2489 353 2592 Quamvis
372 2522 505 2600 digressu
526 2524 637 2583 veteris
660 2523 797 2584 confusus
820 2524 913 2601 amici,

207 2604 305 2664 baudo
326 2613 438 2682 tamen,
461 2608 561 2666 vacuis
581 2607 659 2686 qnod
681 2607 782 2667 sedem
803 2608 895 2685 ligere
918 2605 1015 2667 Gumis

208 2686 342 2748 Destinet
364 2698 451 2767 atquc
472 2708 557 2750 unum
581 2691 674 2751 civem
695 2690 804 2752 donare
826 2690 968 2766 Sibyllae.

207 2770 294 2831 lanua
319 2771 452 2832 Baiarum
471 2782 516 2833 est
537 2783 567 2834 ct
585 2784 697 2852 gratum
720 2774 786 2835 litas
807 2777 920 2836 amoeni

208 2855 369 2928 Secessus3
393 2875 449 2935 ego
472 2858 521 2918 vel
544 2858 716 2934 Prochytam
737 2876 888 2938 praepono
910 2859 1052 2919 Suburae.
1182 2871 1198 2922 5
1282 2907 1283 2918 ,

206 2937 280 2998 Nam
302 2939 370 3019 quid
391 2949 449 3001 tam
470 2942 622 3020 miserum,
645 2951 702 3002 tam
725 2943 818 3003 solum
836 2943 975 3020 vidimus,
999 2951 1106 3002 utnon

207 3022 346 3083 lletcrius
367 3025 472 3085 credas
494 3025 615 3086 horrere
638 3027 787 3103 incendia,
810 3026 909 3104 lapsus

208 3105 364 3167 Tantorum
388 3109 521 3169 assiduos
542 3128 578 3169 ac
599 3109 679 3169 mille
702 3109 833 3189 pericula
857 3128 964 3171 saevae

208 3188 295 3249 Urbis
318 3199 347 3249 et
368 3190 502 3268 Augusto
523 3194 681 3253 recitantes
701 3212 802 3254 mense
826 3191 950 3272 poetas?

208 3272 268 3333 Sed
287 3272 351 3333 dum
370 3283 430 3335 tota
452 3275 554 3336 domus
575 3277 647 3337 reda
670 3278 851 3355 componitur
872 3295 939 3353 una,

208 3355 340 3416 Substitit
363 3357 398 3417 ad
417 3367 536 3419 veteres
558 3378 643 3420 arcas
664 3361 864 3440 madidamque
889 3359 1045 3439 Capenam.

207 3439 277 3516 Hic,
300 3440 349 3500 ubi
367 3450 524 3502 nocturnae
547 3442 638 3504 Numa
661 3443 853 3504 constituebat
876 3445 998 3519 amicae,
