2600 4006
220 203 283 267 32·
564 215 599 261 υ.
624 213 695 260 run.
720 213 907 266 ravennana

220 359 289 421 lnde
309 358 392 417 iaces
411 356 528 431 ardent,
550 354 700 414 veniunta
721 353 788 414 dote
813 354 946 429 sagittae.

219 442 350 504 Libertas
375 440 492 500 emitur:
516 455 615 498 coram
635 437 705 497 licet
717 438 816 497 innuat
838 445 926 515 atque
1161 451 1217 506 ,140

221 523 391 599 Rescribat,
414 523 500 584 vidua
522 530 585 596 est,
608 520 743 598 locuples
766 537 840 600 quae
864 521 962 600 nupsit
984 539 1081 581 avaro.

221 609 280 671 Gur
304 607 451 669 desiderio
473 605 594 666 Bibulae
617 605 763 665 Sertorius
789 601 893 664 ardet?

173 737 175 744 -
220 696 251 756 Si
275 703 376 752 verum
399 691 546 765 excutias,
570 689 680 765 iacies,
706 705 765 748 non
786 704 860 748 uxor
882 699 1000 748 amatur.

221 779 294 838 Tres
318 793 408 852 rugae
433 774 571 849 subeant,
595 781 625 832 et
647 791 680 832 se
705 773 779 832 cutis
799 773 878 832 arida
901 772 991 849 laxet,

220 862 303 923 Fiant
326 858 443 919 obscuri
464 858 566 918 dentes
589 856 726 936 oculique
751 856 894 916 minores:
1164 868 1214 922 145

222 944 338 1021 Collige
360 941 538 1016 sarcinulas,
561 941 639 1001 dicet
660 939 799 1016 libertus,
820 947 850 1000 et
871 941 920 999 exi

204 1019 293 1109 'llam
315 1029 413 1105 gravis
437 1044 470 1086 es
491 1024 576 1084 nobis
599 1034 628 1084 et
649 1042 741 1103 saepe
765 1024 944 1102 emungeris:
970 1026 1030 1103 exi]

222 1112 309 1173 Ocius
334 1119 363 1170 et
378 1127 521 1190 propera:
545 1109 626 1168 sicco
648 1109 729 1168 venit
751 1107 844 1169 altera
866 1124 948 1168 naso.

220 1197 336 1264 lnterea
359 1194 436 1254 calet
459 1202 489 1252 et
510 1201 614 1269 regnat
640 1194 795 1271 poscitque
820 1193 950 1252 maritum

221 1280 358 1340 Pastores
382 1287 412 1338 et
433 1294 518 1337 ovem
544 1273 716 1336 Canusinam
736 1276 889 1354 ulmosque
912 1274 1053 1336 Falernas
1077 1310 1120 1322 -
1167 1288 1216 1340 1511
1292 1305 1294 1312 ·

222 1362 395 1438 Quantulum
418 1362 493 1422 enim
515 1355 595 1419 boc?
619 1377 728 1438 pueros
751 1377 869 1434 omnes,
894 1361 1042 1436 ergastula
1066 1368 1141 1426 tota:

222 1446 365 1525 Quodque
389 1446 465 1506 domi
488 1461 546 1504 non
568 1453 629 1519 est,
652 1444 705 1504 sed
728 1443 816 1504 babet
836 1445 966 1521 vicinus,
991 1453 1110 1505 ematur.

220 1531 322 1592 blense
345 1529 460 1609 quidem
481 1527 616 1602 brumae,
642 1546 728 1606 quum
750 1530 806 1588 iarn
824 1537 971 1589 mersatur
992 1527 1079 1589 lason

222 1613 345 1674 Clausus
372 1623 401 1675 et
423 1614 538 1674 armatis
563 1611 660 1672 obstat
681 1630 749 1672 oasa
771 1611 891 1672 candida
916 1614 1019 1689 nautis,

125 1707 127 1712 ’
222 1698 344 1759 Grandia
367 1697 508 1758 tolluntur
532 1696 717 1772 crystallina,
739 1699 861 1756 maxima
883 1714 982 1757 rursus
1165 1708 1214 1759 155

222 1779 369 1856 Murrina,
409 1779 514 1841 deinde
537 1779 652 1839 adamas
674 1781 840 1839 notissimus
864 1789 894 1840 et
915 1780 1075 1841 Beronices

137 1913 140 1920 .
222 1863 253 1926 ln
274 1866 365 1942 digito
385 1864 480 1924 iactus
506 1864 693 1941 [pretiosior:
715 1863 790 1924 bunc
813 1865 892 1925 dedit
915 1864 984 1924 olim

222 1948 365 2016 Barbarus
388 1947 550 2026 incestael,
575 1947 654 2007 dedit
676 1947 751 2008 hunc
772 1948 905 2027 Agrippa
926 1950 1034 2026 sorori,

221 2032 388 2093 Observant
409 2031 464 2106 nbi,
477 2032 552 2092 festa
574 2048 656 2091 mero
681 2032 757 2110 pede
779 2032 898 2093 sabbata
919 2050 1020 2110 reges,
1108 2067 1111 2074 ·

222 2117 259 2177 bt
279 2125 364 2176 vetus
388 2115 518 2193 indulget
539 2114 656 2176 senibus
679 2116 832 2176 clementia
853 2118 962 2195 porcis.
1166 2127 1216 2181 160

264 2200 388 2261 Nullane
411 2201 557 2260 detentis
581 2199 721 2276 gregibus
748 2200 799 2259 tibi
821 2201 907 2278 digna
929 2197 1064 2260 videtur?

222 2286 265 2345 Sit
287 2284 431 2359 formosa,
457 2284 585 2359 decens,
611 2283 710 2360 dives,
733 2283 873 2361 fecunda,
897 2293 1031 2344 vetustos

221 2367 384 2429 Porticibus
407 2367 543 2444 disponat
568 2383 656 2442 avos,
683 2364 817 2436 intactior
843 2369 920 2429 omni
1134 2367 1138 2375 '

223 2451 356 2512 Crinibus
373 2451 474 2511 effusis
491 2449 608 2522 ¹bellurn
629 2450 782 2512 dirimente
803 2452 919 2528 Sabina,

221 2535 298 2594 Rara
320 2536 382 2594 avis
406 2535 434 2592 in
457 2535 543 2594 terris
565 2536 707 2613 nigroque
729 2535 873 2596 simillima
896 2554 1004 2612 cycno:
1166 2547 1214 2600 165

150 2622 152 2626 ‘
223 2619 294 2692 Quis
316 2618 393 2678 ieret
414 2635 551 2688 uxorem,
578 2619 623 2678 cui
648 2628 782 2680 constant
803 2618 922 2681 omnial
945 2621 1032 2694 malo,

147 2709 170 2776 J
222 2701 300 2761 Malo
322 2701 515 2778 Venusinam,
538 2719 622 2780 quam
646 2711 691 2778 te,
713 2701 851 2763 Cornelia
868 2713 963 2764 mater

223 2785 437 2860 Gracchorum,
463 2787 488 2845 si
514 2805 578 2846 curn
600 2789 710 2865 magnis
733 2787 886 2849 virtutibus
908 2789 996 2848 affers

223 2869 337 2930 Grande
353 2869 543 2948 supercilium
567 2880 596 2930 et
616 2889 750 2932 numeras
772 2873 800 2930 in
822 2872 890 2932 dote
912 2871 1083 2950 triumphos.

223 2953 308 3013 Tolle
325 2962 419 3029 tuum,
440 2971 563 3033 precor,
582 2954 770 3016 Hannibalem
789 2956 954 3036 victumque
974 2957 1141 3036 Syphacem
1165 2967 1216 3021 170

221 3037 254 3096 ln
277 3039 397 3114 castris,
424 3047 453 3098 et
477 3057 540 3099 cum
563 3048 623 3100 tota
647 3038 822 3118 Carthagine
846 3041 953 3119 migra!

222 3121 330 3197 Parce,
354 3139 479 3200 precor,
502 3123 612 3198 Paean,
638 3133 668 3183 et
688 3133 733 3198 tu,
758 3125 829 3200 dea,
851 3143 928 3204 pone
946 3126 1083 3202 sagittas:

224 3199 269 3266 Nil
292 3206 375 3283 pueri
398 3206 521 3281 iaciunt,
545 3209 637 3285 ipsam
659 3208 795 3286 conligite
817 3209 952 3270 matrem!

225 3283 367 3366 Amphion
391 3291 510 3349 clamat:
536 3290 587 3350 sed
611 3290 706 3350 Paean
730 3293 872 3352 contrahit
895 3311 1002 3354 arcum.

223 3371 334 3431 Extulit
359 3391 440 3450 ergo*
455 3392 566 3451 greges
586 3383 716 3435 natorum
738 3378 890 3455 ipsumque
912 3386 1074 3456 parentem,
1166 3383 1216 3438 175
1285 3449 1286 3452 ¹

223 3455 297 3533 Dum
321 3456 376 3515 sibi
400 3455 526 3516 nobilior
547 3457 674 3518 Latonae
697 3469 785 3535 gente
807 3461 921 3521 videtur
1285 3457 1286 3462 ’
