<?xml version="1.0" encoding="UTF-8"?>
<!DOCTYPE html PUBLIC "-//W3C//DTD XHTML 1.0 Transitional//EN"
    "http://www.w3.org/TR/xhtml1/DTD/xhtml1-transitional.dtd">
<html xmlns="http://www.w3.org/1999/xhtml" xml:lang="en" lang="en">
 <head>
  <title>
</title>
<meta http-equiv="Content-Type" content="text/html;charset=utf-8" />
  <meta name='ocr-system' content='tesseract 3.04.00' />
  <meta name='ocr-capabilities' content='ocr_page ocr_carea ocr_par ocr_line ocrx_word'/>
</head>
<body>
  <div class='ocr_page' id='page_1' title='image "./satirarumlibriq03juvegoog_0131.png"; bbox 0 0 2626 4006; ppageno 0'>
   <div class='ocr_carea' id='block_1_1' title="bbox 206 222 860 284">
    <p class='ocr_par' dir='ltr' id='par_1_1' title="bbox 206 222 860 284">
     <span class='ocr_line' id='line_1_1' title="bbox 206 222 860 284; baseline -0.002 0"><span class='ocrx_word' id='word_1_1' title='bbox 206 222 247 284; x_wconf 86' lang='lat'><strong>88</strong></span> <span class='ocrx_word' id='word_1_2' title='bbox 532 235 569 284; x_wconf 88' lang='lat' dir='ltr'><strong>n.</strong></span> <span class='ocrx_word' id='word_1_3' title='bbox 585 234 657 283; x_wconf 90' lang='lat' dir='ltr'><strong>ruu.</strong></span> <span class='ocrx_word' id='word_1_4' title='bbox 674 235 860 283; x_wconf 80' lang='lat' dir='ltr'><strong>1uvnusn1s</strong></span> 
     </span>
    </p>
   </div>
   <div class='ocr_carea' id='block_1_2' title="bbox 126 371 1198 1876">
    <p class='ocr_par' dir='ltr' id='par_1_2' title="bbox 126 371 1198 1793">
     <span class='ocr_line' id='line_1_2' title="bbox 206 371 1140 454; baseline -0.002 -19"><span class='ocrx_word' id='word_1_5' title='bbox 206 375 288 436; x_wconf 88' lang='lat' dir='ltr'><strong>llaec</strong></span> <span class='ocrx_word' id='word_1_6' title='bbox 308 382 395 454; x_wconf 94' lang='lat' dir='ltr'><strong>quote</strong></span> <span class='ocrx_word' id='word_1_7' title='bbox 418 391 486 453; x_wconf 89' lang='lat' dir='ltr'><strong>pers</strong></span> <span class='ocrx_word' id='word_1_8' title='bbox 508 372 670 448; x_wconf 82' lang='lat' dir='ltr'><strong>scelerum,</strong></span> <span class='ocrx_word' id='word_1_9' title='bbox 695 389 769 450; x_wconf 93' lang='lat' dir='ltr'><strong>quee</strong></span> <span class='ocrx_word' id='word_1_10' title='bbox 789 381 888 431; x_wconf 89' lang='lat' dir='ltr'><strong>custos</strong></span> <span class='ocrx_word' id='word_1_11' title='bbox 909 371 1037 433; x_wconf 83' lang='lat' dir='ltr'><strong>Gallicus</strong></span> <span class='ocrx_word' id='word_1_12' title='bbox 1059 374 1140 433; x_wconf 85' lang='lat' dir='ltr'><strong>urbis</strong></span> 
     </span>
     <span class='ocr_line' id='line_1_3' title="bbox 207 453 973 536; baseline -0.007 -17"><span class='ocrx_word' id='word_1_13' title='bbox 207 458 307 536; x_wconf 80' lang='lat' dir='ltr'><strong>Usque</strong></span> <span class='ocrx_word' id='word_1_14' title='bbox 329 476 345 519; x_wconf 89' lang='lat' dir='ltr'><strong>a</strong></span> <span class='ocrx_word' id='word_1_15' title='bbox 365 455 508 533; x_wconf 86' lang='lat' dir='ltr'><strong>lucifero,</strong></span> <span class='ocrx_word' id='word_1_16' title='bbox 532 456 626 516; x_wconf 94' lang='lat' dir='ltr'><strong>donec</strong></span> <span class='ocrx_word' id='word_1_17' title='bbox 648 455 698 515; x_wconf 83' lang='lat' dir='ltr'><strong>lux</strong></span> <span class='ocrx_word' id='word_1_18' title='bbox 721 455 851 530; x_wconf 79' lang='lat' dir='ltr'><strong>occidat,</strong></span> <span class='ocrx_word' id='word_1_19' title='bbox 876 453 973 516; x_wconf 83' lang='lat' dir='ltr'><strong>auditi</strong></span> 
     </span>
     <span class='ocr_line' id='line_1_4' title="bbox 205 539 905 621; baseline -0.006 -19"><span class='ocrx_word' id='word_1_20' title='bbox 205 541 326 602; x_wconf 83' lang='lat' dir='ltr'>Humani</span> <span class='ocrx_word' id='word_1_21' title='bbox 348 541 467 621; x_wconf 73' lang='lat' dir='ltr'><strong>generis</strong></span> <span class='ocrx_word' id='word_1_22' title='bbox 489 558 586 601; x_wconf 88' lang='lat' dir='ltr'><strong>mores</strong></span> <span class='ocrx_word' id='word_1_23' title='bbox 610 539 661 599; x_wconf 90' lang='lat' dir='ltr'><strong>tibi</strong></span> <span class='ocrx_word' id='word_1_24' title='bbox 683 556 772 599; x_wconf 90' lang='lat' dir='ltr'><strong>nosse</strong></span> <span class='ocrx_word' id='word_1_25' title='bbox 795 539 905 599; x_wconf 89' lang='lat' dir='ltr'><strong>volenti</strong></span> 
     </span>
     <span class='ocr_line' id='line_1_5' title="bbox 207 623 1197 702; baseline -0.005 -16"><span class='ocrx_word' id='word_1_26' title='bbox 207 624 320 686; x_wconf 88' lang='lat' dir='ltr'><strong>Sullicit</strong></span> <span class='ocrx_word' id='word_1_27' title='bbox 341 642 397 685; x_wconf 89' lang='lat' dir='ltr'><strong>uua</strong></span> <span class='ocrx_word' id='word_1_28' title='bbox 420 623 536 692; x_wconf 90' lang='lat' dir='ltr'><strong>domus;</strong></span> <span class='ocrx_word' id='word_1_29' title='bbox 560 640 671 702; x_wconf 85' lang='lat' dir='ltr'><strong>pancos</strong></span> <span class='ocrx_word' id='word_1_30' title='bbox 694 640 832 683; x_wconf 80' lang='lat' dir='ltr'><strong>consume</strong></span> <span class='ocrx_word' id='word_1_31' title='bbox 854 624 933 699; x_wconf 88' lang='lat' dir='ltr'><strong>dies,</strong></span> <span class='ocrx_word' id='word_1_32' title='bbox 962 633 991 682; x_wconf 87' lang='lat' dir='ltr'><strong>et</strong></span> <span class='ocrx_word' id='word_1_33' title='bbox 1143 635 1197 690; x_wconf 76' lang='lat'><strong>150</strong></span> 
     </span>
     <span class='ocr_line' id='line_1_6' title="bbox 206 705 1089 786; baseline -0.005 -16"><span class='ocrx_word' id='word_1_34' title='bbox 206 709 315 770; x_wconf 82' lang='lat' dir='ltr'><strong>Dicere</strong></span> <span class='ocrx_word' id='word_1_35' title='bbox 341 717 369 769; x_wconf 89' lang='lat' dir='ltr'><strong>te</strong></span> <span class='ocrx_word' id='word_1_36' title='bbox 392 705 545 783; x_wconf 88' lang='lat' dir='ltr'><strong>miserum,</strong></span> <span class='ocrx_word' id='word_1_37' title='bbox 570 716 723 786; x_wconf 79' lang='lat' dir='ltr'><strong>postquem</strong></span> <span class='ocrx_word' id='word_1_38' title='bbox 744 707 823 768; x_wconf 93' lang='lat' dir='ltr'><strong>illinc</strong></span> <span class='ocrx_word' id='word_1_39' title='bbox 844 709 978 782; x_wconf 84' lang='lat' dir='ltr'><strong>veneris,</strong></span> <span class='ocrx_word' id='word_1_40' title='bbox 1005 707 1089 767; x_wconf 87' lang='lat' dir='ltr'><strong>eude.</strong></span> 
     </span>
     <span class='ocr_line' id='line_1_7' title="bbox 207 787 1067 870; baseline -0.003 -18"><span class='ocrx_word' id='word_1_41' title='bbox 207 792 279 866; x_wconf 78' lang='lat' dir='ltr'><strong>Quis</strong></span> <span class='ocrx_word' id='word_1_42' title='bbox 301 792 436 853; x_wconf 87' lang='lat' dir='ltr'><strong>tumidum</strong></span> <span class='ocrx_word' id='word_1_43' title='bbox 458 799 556 870; x_wconf 77' lang='lat' dir='ltr'><strong>guttur</strong></span> <span class='ocrx_word' id='word_1_44' title='bbox 576 791 693 851; x_wconf 89' lang='lat' dir='ltr'><strong>miretur</strong></span> <span class='ocrx_word' id='word_1_45' title='bbox 713 792 741 849; x_wconf 94' lang='lat' dir='ltr'><strong>in</strong></span> <span class='ocrx_word' id='word_1_46' title='bbox 762 787 908 868; x_wconf 77' lang='lat' dir='ltr'><strong>Alpibus?</strong></span> <span class='ocrx_word' id='word_1_47' title='bbox 931 799 979 851; x_wconf 83' lang='lat' dir='ltr'><strong>eut</strong></span> <span class='ocrx_word' id='word_1_48' title='bbox 1003 792 1067 868; x_wconf 88' lang='lat' dir='ltr'><strong>quis</strong></span> 
     </span>
     <span class='ocr_line' id='line_1_8' title="bbox 205 871 980 938; baseline -0.008 0"><span class='ocrx_word' id='word_1_49' title='bbox 205 876 238 938; x_wconf 97' lang='lat' dir='ltr'><strong>ln</strong></span> <span class='ocrx_word' id='word_1_50' title='bbox 261 875 363 937; x_wconf 85' lang='lat' dir='ltr'><strong>Neroe</strong></span> <span class='ocrx_word' id='word_1_51' title='bbox 390 892 490 937; x_wconf 87' lang='lat' dir='ltr'><strong>cresso</strong></span> <span class='ocrx_word' id='word_1_52' title='bbox 513 876 651 935; x_wconf 89' lang='lat' dir='ltr'><strong>maiorem</strong></span> <span class='ocrx_word' id='word_1_53' title='bbox 672 875 781 935; x_wconf 89' lang='lat' dir='ltr'><strong>iniento</strong></span> <span class='ocrx_word' id='word_1_54' title='bbox 805 871 980 935; x_wconf 83' lang='lat' dir='ltr'><strong>mamillam?</strong></span> 
     </span>
     <span class='ocr_line' id='line_1_9' title="bbox 207 956 976 1040; baseline -0.004 -20"><span class='ocrx_word' id='word_1_55' title='bbox 207 958 332 1021; x_wconf 82' lang='lat' dir='ltr'><strong>Geerule</strong></span> <span class='ocrx_word' id='word_1_56' title='bbox 356 961 419 1040; x_wconf 86' lang='lat' dir='ltr'><strong>quis</strong></span> <span class='ocrx_word' id='word_1_57' title='bbox 442 960 551 1039; x_wconf 76' lang='lat' dir='ltr'><strong>stupuit</strong></span> <span class='ocrx_word' id='word_1_58' title='bbox 573 956 706 1019; x_wconf 81' lang='lat' dir='ltr'><strong>Germani</strong></span> <span class='ocrx_word' id='word_1_59' title='bbox 729 958 851 1034; x_wconf 90' lang='lat' dir='ltr'><strong>lumine,</strong></span> <span class='ocrx_word' id='word_1_60' title='bbox 874 956 976 1018; x_wconf 79' lang='lat' dir='ltr'><strong>darem</strong></span> 
     </span>
     <span class='ocr_line' id='line_1_10' title="bbox 208 1041 1198 1121; baseline 0.003 -18"><span class='ocrx_word' id='word_1_61' title='bbox 208 1041 375 1105; x_wconf 80' lang='lat' dir='ltr'><strong>Caesariem</strong></span> <span class='ocrx_word' id='word_1_62' title='bbox 399 1052 428 1103; x_wconf 88' lang='lat' dir='ltr'><strong>et</strong></span> <span class='ocrx_word' id='word_1_63' title='bbox 447 1042 560 1105; x_wconf 92' lang='lat' dir='ltr'><strong>madido</strong></span> <span class='ocrx_word' id='word_1_64' title='bbox 583 1051 765 1121; x_wconf 80' lang='lat' dir='ltr'><strong>torquentem</strong></span> <span class='ocrx_word' id='word_1_65' title='bbox 787 1059 896 1103; x_wconf 90' lang='lat' dir='ltr'><strong>cornua</strong></span> <span class='ocrx_word' id='word_1_66' title='bbox 918 1043 1018 1102; x_wconf 76' lang='lat' dir='ltr'><strong>ciero?</strong></span> <span class='ocrx_word' id='word_1_67' title='bbox 1145 1053 1198 1108; x_wconf 80' lang='lat'><strong>165</strong></span> 
     </span>
     <span class='ocr_line' id='line_1_11' title="bbox 205 1124 1025 1207; baseline -0.002 -20"><span class='ocrx_word' id='word_1_68' title='bbox 205 1125 319 1206; x_wconf 88' lang='lat' dir='ltr'><strong>Nempe</strong></span> <span class='ocrx_word' id='word_1_69' title='bbox 342 1128 420 1207; x_wconf 93' lang='lat' dir='ltr'><strong>quod</strong></span> <span class='ocrx_word' id='word_1_70' title='bbox 441 1126 515 1188; x_wconf 84' lang='lat' dir='ltr'><strong>lneec</strong></span> <span class='ocrx_word' id='word_1_71' title='bbox 539 1126 596 1186; x_wconf 89' lang='lat' dir='ltr'><strong>illis</strong></span> <span class='ocrx_word' id='word_1_72' title='bbox 618 1134 718 1186; x_wconf 87' lang='lat' dir='ltr'><strong>nature</strong></span> <span class='ocrx_word' id='word_1_73' title='bbox 741 1135 787 1187; x_wconf 88' lang='lat' dir='ltr'><strong>est</strong></span> <span class='ocrx_word' id='word_1_74' title='bbox 809 1124 940 1186; x_wconf 90' lang='lat' dir='ltr'><strong>omnibus</strong></span> <span class='ocrx_word' id='word_1_75' title='bbox 961 1145 1025 1186; x_wconf 90' lang='lat' dir='ltr'><strong>nna.</strong></span> 
     </span>
     <span class='ocr_line' id='line_1_12' title="bbox 207 1208 1050 1288; baseline -0.001 -17"><span class='ocrx_word' id='word_1_76' title='bbox 207 1210 253 1271; x_wconf 77' lang='lat' dir='ltr'><strong>Ad</strong></span> <span class='ocrx_word' id='word_1_77' title='bbox 274 1210 385 1272; x_wconf 87' lang='lat' dir='ltr'><strong>subitas</strong></span> <span class='ocrx_word' id='word_1_78' title='bbox 406 1208 549 1271; x_wconf 86' lang='lat' dir='ltr'><strong>Threcum</strong></span> <span class='ocrx_word' id='word_1_79' title='bbox 570 1209 708 1270; x_wconf 88' lang='lat' dir='ltr'><strong>volucres</strong></span> <span class='ocrx_word' id='word_1_80' title='bbox 730 1209 892 1288; x_wconf 83' lang='lat' dir='ltr'><strong>nubemque</strong></span> <span class='ocrx_word' id='word_1_81' title='bbox 917 1226 1050 1273; x_wconf 88' lang='lat' dir='ltr'><strong>sonorem</strong></span> 
     </span>
     <span class='ocr_line' id='line_1_13' title="bbox 200 1293 918 1374; baseline -0.006 -19"><span class='ocrx_word' id='word_1_82' title='bbox 200 1294 369 1371; x_wconf 77' lang='lat' dir='ltr'><strong>Pygmaeus</strong></span> <span class='ocrx_word' id='word_1_83' title='bbox 390 1295 488 1374; x_wconf 86' lang='lat' dir='ltr'><strong>parvis</strong></span> <span class='ocrx_word' id='word_1_84' title='bbox 512 1295 599 1354; x_wconf 89' lang='lat' dir='ltr'><strong>currit</strong></span> <span class='ocrx_word' id='word_1_85' title='bbox 621 1293 798 1356; x_wconf 86' lang='lat' dir='ltr'><strong>bellatoria</strong></span> <span class='ocrx_word' id='word_1_86' title='bbox 822 1294 918 1368; x_wconf 84' lang='lat' dir='ltr'><strong>armis,</strong></span> 
     </span>
     <span class='ocr_line' id='line_1_14' title="bbox 209 1376 955 1458; baseline -0.003 -20"><span class='ocrx_word' id='word_1_87' title='bbox 209 1376 275 1438; x_wconf 87' lang='lat' dir='ltr'><strong>llox</strong></span> <span class='ocrx_word' id='word_1_88' title='bbox 297 1379 389 1458; x_wconf 88' lang='lat' dir='ltr'><strong>impar</strong></span> <span class='ocrx_word' id='word_1_89' title='bbox 410 1377 489 1438; x_wconf 88' lang='lat' dir='ltr'><strong>hosti</strong></span> <span class='ocrx_word' id='word_1_90' title='bbox 507 1386 666 1457; x_wconf 88' lang='lat' dir='ltr'><strong>raptusque</strong></span> <span class='ocrx_word' id='word_1_91' title='bbox 691 1395 835 1456; x_wconf 84' lang='lat' dir='ltr'><strong>peracre</strong></span> <span class='ocrx_word' id='word_1_92' title='bbox 860 1379 955 1436; x_wconf 85' lang='lat' dir='ltr'><strong>curvis</strong></span> 
     </span>
     <span class='ocr_line' id='line_1_15' title="bbox 207 1460 1197 1539; baseline -0.002 -16"><span class='ocrx_word' id='word_1_93' title='bbox 207 1460 355 1539; x_wconf 82' lang='lat' dir='ltr'><strong>Unguibus</strong></span> <span class='ocrx_word' id='word_1_94' title='bbox 377 1481 394 1524; x_wconf 93' lang='lat' dir='ltr'><strong>a</strong></span> <span class='ocrx_word' id='word_1_95' title='bbox 417 1481 505 1524; x_wconf 86' lang='lat' dir='ltr'><strong>saeva</strong></span> <span class='ocrx_word' id='word_1_96' title='bbox 527 1461 618 1522; x_wconf 81' lang='lat' dir='ltr'><strong>fertur</strong></span> <span class='ocrx_word' id='word_1_97' title='bbox 638 1480 727 1539; x_wconf 74' lang='lat' dir='ltr'><strong>grue:</strong></span> <span class='ocrx_word' id='word_1_98' title='bbox 753 1463 779 1520; x_wconf 89' lang='lat' dir='ltr'><strong>si</strong></span> <span class='ocrx_word' id='word_1_99' title='bbox 799 1460 901 1520; x_wconf 87' lang='lat' dir='ltr'><strong>videas</strong></span> <span class='ocrx_word' id='word_1_100' title='bbox 922 1460 980 1521; x_wconf 89' lang='lat' dir='ltr'><strong>hoc</strong></span> <span class='ocrx_word' id='word_1_101' title='bbox 1145 1475 1197 1529; x_wconf 82' lang='lat'><strong>170</strong></span> 
     </span>
     <span class='ocr_line' id='line_1_16' title="bbox 208 1544 967 1625; baseline -0.001 -18"><span class='ocrx_word' id='word_1_102' title='bbox 208 1544 346 1607; x_wconf 79' lang='lat' dir='ltr'><strong>Gentibus</strong></span> <span class='ocrx_word' id='word_1_103' title='bbox 371 1547 400 1606; x_wconf 94' lang='lat' dir='ltr'><strong>iu</strong></span> <span class='ocrx_word' id='word_1_104' title='bbox 420 1547 545 1623; x_wconf 85' lang='lat' dir='ltr'><strong>nostris,</strong></span> <span class='ocrx_word' id='word_1_105' title='bbox 570 1548 629 1606; x_wconf 89' lang='lat' dir='ltr'><strong>risu</strong></span> <span class='ocrx_word' id='word_1_106' title='bbox 651 1548 795 1625; x_wconf 88' lang='lat' dir='ltr'><strong>quatiere;</strong></span> <span class='ocrx_word' id='word_1_107' title='bbox 820 1545 873 1605; x_wconf 88' lang='lat' dir='ltr'><strong>sed</strong></span> <span class='ocrx_word' id='word_1_108' title='bbox 897 1544 967 1621; x_wconf 82' lang='lat' dir='ltr'><strong>illic,</strong></span> 
     </span>
     <span class='ocr_line' id='line_1_17' title="bbox 126 1628 1090 1709; baseline 0.002 -20"><span class='ocrx_word' id='word_1_109' title='bbox 126 1641 127 1644; x_wconf 74' lang='grc'>’</span> <span class='ocrx_word' id='word_1_110' title='bbox 208 1628 385 1708; x_wconf 83' lang='lat' dir='ltr'><strong>Quemquam</strong></span> <span class='ocrx_word' id='word_1_111' title='bbox 407 1630 508 1690; x_wconf 88' lang='lat' dir='ltr'><strong>eedem</strong></span> <span class='ocrx_word' id='word_1_112' title='bbox 531 1630 647 1691; x_wconf 88' lang='lat' dir='ltr'><strong>assidue</strong></span> <span class='ocrx_word' id='word_1_113' title='bbox 670 1638 840 1709; x_wconf 83' lang='lat' dir='ltr'><strong>spectentur</strong></span> <span class='ocrx_word' id='word_1_114' title='bbox 861 1628 991 1707; x_wconf 85' lang='lat' dir='ltr'><strong>proelia,</strong></span> <span class='ocrx_word' id='word_1_115' title='bbox 1015 1631 1090 1691; x_wconf 83' lang='lat' dir='ltr'><strong>ridet</strong></span> 
     </span>
     <span class='ocr_line' id='line_1_18' title="bbox 206 1711 1039 1793; baseline 0 -22"><span class='ocrx_word' id='word_1_116' title='bbox 206 1711 315 1788; x_wconf 85' lang='lat' dir='ltr'><strong>Nemo,</strong></span> <span class='ocrx_word' id='word_1_117' title='bbox 338 1713 386 1773; x_wconf 91' lang='lat' dir='ltr'><strong>ubi</strong></span> <span class='ocrx_word' id='word_1_118' title='bbox 409 1723 469 1774; x_wconf 89' lang='lat' dir='ltr'><strong>tota</strong></span> <span class='ocrx_word' id='word_1_119' title='bbox 491 1713 608 1788; x_wconf 77' lang='lat' dir='ltr'><strong>cohors¹</strong></span> <span class='ocrx_word' id='word_1_120' title='bbox 622 1714 698 1793; x_wconf 89' lang='lat' dir='ltr'><strong>pede</strong></span> <span class='ocrx_word' id='word_1_121' title='bbox 721 1731 778 1773; x_wconf 87' lang='lat' dir='ltr'><strong>non</strong></span> <span class='ocrx_word' id='word_1_122' title='bbox 800 1722 846 1773; x_wconf 92' lang='lat' dir='ltr'><strong>est</strong></span> <span class='ocrx_word' id='word_1_123' title='bbox 867 1711 952 1773; x_wconf 89' lang='lat' dir='ltr'><strong>altior</strong></span> <span class='ocrx_word' id='word_1_124' title='bbox 973 1732 1039 1775; x_wconf 92' lang='lat' dir='ltr'><strong>uno.</strong></span> 
     </span>
    </p>

    <p class='ocr_par' dir='ltr' id='par_1_3' title="bbox 250 1794 988 1876">
     <span class='ocr_line' id='line_1_19' title="bbox 250 1794 988 1876; baseline 0.005 -22"><span class='ocrx_word' id='word_1_125' title='bbox 250 1794 375 1856; x_wconf 84' lang='lat' dir='ltr'><strong>Nullane</strong></span> <span class='ocrx_word' id='word_1_126' title='bbox 399 1799 508 1875; x_wconf 88' lang='lat' dir='ltr'><strong>periuri</strong></span> <span class='ocrx_word' id='word_1_127' title='bbox 530 1799 634 1876; x_wconf 87' lang='lat' dir='ltr'><strong>capitis</strong></span> <span class='ocrx_word' id='word_1_128' title='bbox 655 1798 823 1876; x_wconf 77' lang='lat' dir='ltr'><strong>fraudisque</strong></span> <span class='ocrx_word' id='word_1_129' title='bbox 846 1796 988 1858; x_wconf 83' lang='lat' dir='ltr'><strong>nefandae</strong></span> 
     </span>
    </p>
   </div>
   <div class='ocr_carea' id='block_1_3' title="bbox 207 1877 1308 1972">
    <p class='ocr_par' dir='ltr' id='par_1_4' title="bbox 207 1877 1308 1972">
     <span class='ocr_line' id='line_1_20' title="bbox 207 1877 1308 1972; baseline 0.005 -31"><span class='ocrx_word' id='word_1_130' title='bbox 207 1880 305 1941; x_wconf 89' lang='lat' dir='ltr'><strong>Poena</strong></span> <span class='ocrx_word' id='word_1_131' title='bbox 327 1877 402 1940; x_wconf 83' lang='lat' dir='ltr'><strong>eniti</strong></span> <span class='ocrx_word' id='word_1_132' title='bbox 415 1914 458 1928; x_wconf 90' lang='lat'><em>-</em></span> <span class='ocrx_word' id='word_1_133' title='bbox 474 1881 636 1960; x_wconf 75' lang='lat' dir='ltr'><strong>direptum</strong></span> <span class='ocrx_word' id='word_1_134' title='bbox 659 1881 746 1942; x_wconf 87' lang='lat' dir='ltr'><strong>crede</strong></span> <span class='ocrx_word' id='word_1_135' title='bbox 770 1882 846 1942; x_wconf 88' lang='lat' dir='ltr'><strong>lruuc</strong></span> <span class='ocrx_word' id='word_1_136' title='bbox 863 1883 1000 1960; x_wconf 70' lang='lat' dir='ltr'><strong>graviore</strong></span> <span class='ocrx_word' id='word_1_137' title='bbox 1020 1891 1123 1942; x_wconf 89' lang='lat' dir='ltr'><strong>catena</strong></span> <span class='ocrx_word' id='word_1_138' title='bbox 1144 1891 1195 1946; x_wconf 74' lang='lat' dir='ltr'><strong>ltu</strong></span> <span class='ocrx_word' id='word_1_139' title='bbox 1307 1901 1308 1972; x_wconf 59' lang='lat' dir='ltr'>j</span> 
     </span>
    </p>
   </div>
   <div class='ocr_carea' id='block_1_4' title="bbox 208 1962 1034 2044">
    <p class='ocr_par' dir='ltr' id='par_1_5' title="bbox 208 1962 1034 2044">
     <span class='ocr_line' id='line_1_21' title="bbox 208 1962 1034 2044; baseline 0.001 -21"><span class='ocrx_word' id='word_1_140' title='bbox 208 1963 340 2024; x_wconf 87' lang='lat' dir='ltr'><strong>Protinus</strong></span> <span class='ocrx_word' id='word_1_141' title='bbox 364 1973 394 2024; x_wconf 87' lang='lat' dir='ltr'><strong>et</strong></span> <span class='ocrx_word' id='word_1_142' title='bbox 415 1963 515 2025; x_wconf 90' lang='lat' dir='ltr'><strong>nostro</strong></span> <span class='ocrx_word' id='word_1_143' title='bbox 538 1964 621 2044; x_wconf 91' lang='lat' dir='ltr'><strong>(quid</strong></span> <span class='ocrx_word' id='word_1_144' title='bbox 648 1965 713 2044; x_wconf 89' lang='lat' dir='ltr'><strong>plus</strong></span> <span class='ocrx_word' id='word_1_145' title='bbox 736 1965 807 2026; x_wconf 90' lang='lat' dir='ltr'><strong>velit</strong></span> <span class='ocrx_word' id='word_1_146' title='bbox 829 1962 909 2044; x_wconf 86' lang='lat' dir='ltr'><strong>irai)</strong></span> <span class='ocrx_word' id='word_1_147' title='bbox 934 1967 1034 2025; x_wconf 87' lang='lat' dir='ltr'><strong>necari</strong></span> 
     </span>
    </p>
   </div>
   <div class='ocr_carea' id='block_1_5' title="bbox 110 2047 1034 2128">
    <p class='ocr_par' dir='ltr' id='par_1_6' title="bbox 110 2047 1034 2128">
     <span class='ocr_line' id='line_1_22' title="bbox 110 2047 1034 2128; baseline 0.004 -25"><span class='ocrx_word' id='word_1_148' title='bbox 110 2091 117 2102; x_wconf 93' lang='lat'><em>.</em></span> <span class='ocrx_word' id='word_1_149' title='bbox 207 2047 352 2116; x_wconf 77' lang='lat' dir='ltr'><strong>Arbitrio:</strong></span> <span class='ocrx_word' id='word_1_150' title='bbox 375 2059 471 2112; x_wconf 87' lang='lat' dir='ltr'><strong>menet</strong></span> <span class='ocrx_word' id='word_1_151' title='bbox 495 2047 545 2110; x_wconf 92' lang='lat' dir='ltr'><strong>ille</strong></span> <span class='ocrx_word' id='word_1_152' title='bbox 567 2058 663 2110; x_wconf 89' lang='lat' dir='ltr'><strong>tamen</strong></span> <span class='ocrx_word' id='word_1_153' title='bbox 679 2050 803 2124; x_wconf 84' lang='lat' dir='ltr'><strong>iactura,</strong></span> <span class='ocrx_word' id='word_1_154' title='bbox 827 2066 883 2108; x_wconf 92' lang='lat' dir='ltr'><strong>nec</strong></span> <span class='ocrx_word' id='word_1_155' title='bbox 903 2066 1034 2128; x_wconf 90' lang='lat' dir='ltr'><strong>umquem</strong></span> 
     </span>
    </p>
   </div>
   <div class='ocr_carea' id='block_1_6' title="bbox 207 2131 1025 2292">
    <p class='ocr_par' dir='ltr' id='par_1_7' title="bbox 207 2131 1025 2292">
     <span class='ocr_line' id='line_1_23' title="bbox 207 2131 1025 2211; baseline 0 -19"><span class='ocrx_word' id='word_1_156' title='bbox 207 2131 379 2209; x_wconf 89' lang='lat' dir='ltr'><strong>Depositum</strong></span> <span class='ocrx_word' id='word_1_157' title='bbox 400 2131 451 2193; x_wconf 90' lang='lat' dir='ltr'><strong>tibi</strong></span> <span class='ocrx_word' id='word_1_158' title='bbox 473 2149 579 2211; x_wconf 88' lang='lat' dir='ltr'><strong>sospes</strong></span> <span class='ocrx_word' id='word_1_159' title='bbox 601 2135 670 2208; x_wconf 83' lang='lat' dir='ltr'><strong>crit,</strong></span> <span class='ocrx_word' id='word_1_160' title='bbox 696 2133 749 2194; x_wconf 89' lang='lat' dir='ltr'><strong>sed</strong></span> <span class='ocrx_word' id='word_1_161' title='bbox 775 2149 902 2210; x_wconf 89' lang='lat' dir='ltr'><strong>corpore</strong></span> <span class='ocrx_word' id='word_1_162' title='bbox 924 2142 1025 2193; x_wconf 90' lang='lat' dir='ltr'><strong>trunco</strong></span> 
     </span>
     <span class='ocr_line' id='line_1_24' title="bbox 207 2212 935 2292; baseline -0.001 -17"><span class='ocrx_word' id='word_1_163' title='bbox 207 2212 352 2276; x_wconf 88' lang='lat' dir='ltr'><strong>invidiose</strong></span> <span class='ocrx_word' id='word_1_164' title='bbox 374 2216 453 2277; x_wconf 87' lang='lat' dir='ltr'><strong>debit</strong></span> <span class='ocrx_word' id='word_1_165' title='bbox 474 2219 604 2277; x_wconf 90' lang='lat' dir='ltr'><strong>minimus</strong></span> <span class='ocrx_word' id='word_1_166' title='bbox 627 2218 731 2278; x_wconf 90' lang='lat' dir='ltr'><strong>solatia</strong></span> <span class='ocrx_word' id='word_1_167' title='bbox 754 2218 935 2292; x_wconf 78' lang='lat' dir='ltr'><strong>sanguis.-</strong></span> 
     </span>
    </p>
   </div>
   <div class='ocr_carea' id='block_1_7' title="bbox 209 2298 1307 2378">
    <p class='ocr_par' dir='ltr' id='par_1_8' title="bbox 209 2298 1307 2378">
     <span class='ocr_line' id='line_1_25' title="bbox 209 2298 1307 2378; baseline 0.007 -21"><span class='ocrx_word' id='word_1_168' title='bbox 209 2298 391 2360; x_wconf 72' lang='lat' dir='ltr'><strong>invindicta</strong></span> <span class='ocrx_word' id='word_1_169' title='bbox 414 2299 519 2360; x_wconf 89' lang='lat' dir='ltr'><strong>bonum</strong></span> <span class='ocrx_word' id='word_1_170' title='bbox 539 2302 598 2361; x_wconf 85' lang='lat' dir='ltr'><strong>vite</strong></span> <span class='ocrx_word' id='word_1_171' title='bbox 620 2301 771 2361; x_wconf 88' lang='lat' dir='ltr'><strong>iucundius</strong></span> <span class='ocrx_word' id='word_1_172' title='bbox 793 2301 866 2378; x_wconf 87' lang='lat' dir='ltr'><strong>ipse.</strong></span> <span class='ocrx_word' id='word_1_173' title='bbox 894 2335 935 2349; x_wconf 90' lang='lat'>—</span> <span class='ocrx_word' id='word_1_174' title='bbox 1144 2310 1198 2364; x_wconf 84' lang='lat'><strong>180</strong></span> <span class='ocrx_word' id='word_1_175' title='bbox 1306 2323 1307 2351; x_wconf 62' lang='lat' dir='ltr'><strong>l</strong></span> 
     </span>
    </p>
   </div>
   <div class='ocr_carea' id='block_1_8' title="bbox 207 2381 1199 3531">
    <p class='ocr_par' dir='ltr' id='par_1_9' title="bbox 208 2381 998 2464">
     <span class='ocr_line' id='line_1_26' title="bbox 208 2381 998 2464; baseline 0.001 -22"><span class='ocrx_word' id='word_1_176' title='bbox 208 2381 321 2461; x_wconf 92' lang='lat' dir='ltr'><strong>Nempe</strong></span> <span class='ocrx_word' id='word_1_177' title='bbox 344 2382 402 2442; x_wconf 88' lang='lat' dir='ltr'><strong>hoc</strong></span> <span class='ocrx_word' id='word_1_178' title='bbox 423 2382 549 2460; x_wconf 83' lang='lat' dir='ltr'><strong>indocti,</strong></span> <span class='ocrx_word' id='word_1_179' title='bbox 574 2401 694 2464; x_wconf 86' lang='lat' dir='ltr'><strong>quonum</strong></span> <span class='ocrx_word' id='word_1_180' title='bbox 717 2383 890 2462; x_wconf 86' lang='lat' dir='ltr'><strong>praecordia</strong></span> <span class='ocrx_word' id='word_1_181' title='bbox 912 2383 998 2444; x_wconf 92' lang='lat' dir='ltr'><strong>nullis</strong></span> 
     </span>
    </p>

    <p class='ocr_par' dir='ltr' id='par_1_10' title="bbox 208 2465 1024 2712">
     <span class='ocr_line' id='line_1_27' title="bbox 208 2465 986 2545; baseline 0 -19"><span class='ocrx_word' id='word_1_182' title='bbox 208 2465 352 2527; x_wconf 89' lang='lat' dir='ltr'><strong>Interdum</strong></span> <span class='ocrx_word' id='word_1_183' title='bbox 373 2474 421 2526; x_wconf 95' lang='lat' dir='ltr'><strong>aut</strong></span> <span class='ocrx_word' id='word_1_184' title='bbox 442 2466 558 2527; x_wconf 87' lang='lat' dir='ltr'><strong>levibus</strong></span> <span class='ocrx_word' id='word_1_185' title='bbox 578 2468 679 2529; x_wconf 87' lang='lat' dir='ltr'><strong>videas</strong></span> <span class='ocrx_word' id='word_1_186' title='bbox 702 2468 850 2545; x_wconf 83' lang='lat' dir='ltr'><strong>degrentie</strong></span> <span class='ocrx_word' id='word_1_187' title='bbox 877 2469 986 2528; x_wconf 89' lang='lat' dir='ltr'><strong>causis:</strong></span> 
     </span>
     <span class='ocr_line' id='line_1_28' title="bbox 209 2549 1024 2628; baseline 0 -20"><span class='ocrx_word' id='word_1_188' title='bbox 209 2549 476 2628; x_wconf 84' lang='lat' dir='ltr'><strong>Quantulacumque</strong></span> <span class='ocrx_word' id='word_1_189' title='bbox 499 2551 574 2611; x_wconf 87' lang='lat' dir='ltr'><strong>adeo</strong></span> <span class='ocrx_word' id='word_1_190' title='bbox 598 2561 642 2611; x_wconf 90' lang='lat' dir='ltr'><strong>est</strong></span> <span class='ocrx_word' id='word_1_191' title='bbox 664 2555 800 2626; x_wconf 86' lang='lat' dir='ltr'><strong>occasio,</strong></span> <span class='ocrx_word' id='word_1_192' title='bbox 825 2552 932 2611; x_wconf 83' lang='lat' dir='ltr'><strong>suflicit</strong></span> <span class='ocrx_word' id='word_1_193' title='bbox 954 2552 1024 2611; x_wconf 87' lang='lat' dir='ltr'><strong>irae.</strong></span> 
     </span>
     <span class='ocr_line' id='line_1_29' title="bbox 210 2629 988 2712; baseline 0.003 -21"><span class='ocrx_word' id='word_1_194' title='bbox 210 2629 390 2712; x_wconf 74' lang='lat' dir='ltr'><strong>Chrysippus</strong></span> <span class='ocrx_word' id='word_1_195' title='bbox 412 2650 470 2694; x_wconf 93' lang='lat' dir='ltr'><strong>non</strong></span> <span class='ocrx_word' id='word_1_196' title='bbox 492 2634 570 2694; x_wconf 92' lang='lat' dir='ltr'><strong>dicet</strong></span> <span class='ocrx_word' id='word_1_197' title='bbox 593 2635 669 2695; x_wconf 89' lang='lat' dir='ltr'><strong>idem</strong></span> <span class='ocrx_word' id='word_1_198' title='bbox 691 2653 747 2695; x_wconf 88' lang='lat' dir='ltr'><strong>nec</strong></span> <span class='ocrx_word' id='word_1_199' title='bbox 767 2637 835 2696; x_wconf 89' lang='lat' dir='ltr'><strong>mite</strong></span> <span class='ocrx_word' id='word_1_200' title='bbox 858 2634 988 2695; x_wconf 88' lang='lat' dir='ltr'><strong>Thaletis</strong></span> 
     </span>
    </p>

    <p class='ocr_par' dir='ltr' id='par_1_11' title="bbox 207 2715 1198 2948">
     <span class='ocr_line' id='line_1_30' title="bbox 207 2715 1198 2796; baseline 0.006 -20"><span class='ocrx_word' id='word_1_201' title='bbox 207 2715 356 2793; x_wconf 78' lang='lat' dir='ltr'><strong>Ingenium</strong></span> <span class='ocrx_word' id='word_1_202' title='bbox 381 2716 515 2796; x_wconf 88' lang='lat' dir='ltr'><strong>dulcique</strong></span> <span class='ocrx_word' id='word_1_203' title='bbox 538 2737 630 2779; x_wconf 87' lang='lat' dir='ltr'><strong>senex</strong></span> <span class='ocrx_word' id='word_1_204' title='bbox 652 2719 763 2779; x_wconf 90' lang='lat' dir='ltr'><strong>vicinus</strong></span> <span class='ocrx_word' id='word_1_205' title='bbox 781 2718 928 2795; x_wconf 76' lang='lat' dir='ltr'><strong>Hymetto,</strong></span> <span class='ocrx_word' id='word_1_206' title='bbox 1146 2729 1198 2783; x_wconf 82' lang='lat'><strong>18⁵</strong></span> 
     </span>
     <span class='ocr_line' id='line_1_31' title="bbox 209 2797 1027 2881; baseline 0.002 -23"><span class='ocrx_word' id='word_1_207' title='bbox 209 2797 265 2873; x_wconf 80' lang='lat' dir='ltr'><strong>Qui</strong></span> <span class='ocrx_word' id='word_1_208' title='bbox 290 2809 400 2878; x_wconf 84' lang='lat' dir='ltr'><strong>pentem</strong></span> <span class='ocrx_word' id='word_1_209' title='bbox 425 2812 567 2881; x_wconf 87' lang='lat' dir='ltr'><strong>acceptae</strong></span> <span class='ocrx_word' id='word_1_210' title='bbox 590 2821 678 2864; x_wconf 89' lang='lat' dir='ltr'><strong>saeva</strong></span> <span class='ocrx_word' id='word_1_211' title='bbox 699 2803 891 2863; x_wconf 61' lang='lat' dir='ltr'><strong>intersisola</strong></span> <span class='ocrx_word' id='word_1_212' title='bbox 915 2803 1027 2862; x_wconf 89' lang='lat' dir='ltr'><strong>cicutae</strong></span> 
     </span>
     <span class='ocr_line' id='line_1_32' title="bbox 208 2882 863 2948; baseline 0.008 -6"><span class='ocrx_word' id='word_1_213' title='bbox 208 2882 382 2946; x_wconf 78' lang='lat' dir='ltr'><strong>Accusatori</strong></span> <span class='ocrx_word' id='word_1_214' title='bbox 406 2887 498 2947; x_wconf 93' lang='lat' dir='ltr'><strong>nollet</strong></span> <span class='ocrx_word' id='word_1_215' title='bbox 520 2887 600 2948; x_wconf 88' lang='lat' dir='ltr'><strong>dare.</strong></span> <span class='ocrx_word' id='word_1_216' title='bbox 644 2886 767 2947; x_wconf 85' lang='lat' dir='ltr'><strong>Plurima</strong></span> <span class='ocrx_word' id='word_1_217' title='bbox 789 2887 863 2947; x_wconf 81' lang='lat' dir='ltr'><strong>felix</strong></span> 
     </span>
    </p>

    <p class='ocr_par' dir='ltr' id='par_1_12' title="bbox 208 2967 922 3050">
     <span class='ocr_line' id='line_1_33' title="bbox 208 2967 922 3050; baseline 0.003 -23"><span class='ocrx_word' id='word_1_218' title='bbox 208 2967 346 3028; x_wconf 90' lang='lat' dir='ltr'><strong>Paulatim</strong></span> <span class='ocrx_word' id='word_1_219' title='bbox 368 2970 437 3031; x_wconf 87' lang='lat' dir='ltr'><strong>vitia</strong></span> <span class='ocrx_word' id='word_1_220' title='bbox 460 2980 546 3050; x_wconf 90' lang='lat' dir='ltr'><strong>atque</strong></span> <span class='ocrx_word' id='word_1_221' title='bbox 569 2989 687 3032; x_wconf 90' lang='lat' dir='ltr'><strong>errores</strong></span> <span class='ocrx_word' id='word_1_222' title='bbox 710 2970 788 3030; x_wconf 84' lang='lat' dir='ltr'><strong>exuit</strong></span> <span class='ocrx_word' id='word_1_223' title='bbox 811 2987 922 3045; x_wconf 87' lang='lat' dir='ltr'><strong>omnes,</strong></span> 
     </span>
    </p>

    <p class='ocr_par' dir='ltr' id='par_1_13' title="bbox 208 3049 977 3134">
     <span class='ocr_line' id='line_1_34' title="bbox 208 3049 977 3134; baseline 0.001 -24"><span class='ocrx_word' id='word_1_224' title='bbox 208 3049 301 3111; x_wconf 90' lang='lat' dir='ltr'><strong>Prima</strong></span> <span class='ocrx_word' id='word_1_225' title='bbox 324 3052 411 3113; x_wconf 88' lang='lat' dir='ltr'><strong>docet</strong></span> <span class='ocrx_word' id='word_1_226' title='bbox 436 3064 547 3114; x_wconf 88' lang='lat' dir='ltr'><strong>rectum</strong></span> <span class='ocrx_word' id='word_1_227' title='bbox 568 3055 722 3134; x_wconf 83' lang='lat' dir='ltr'><strong>sapientie:</strong></span> <span class='ocrx_word' id='word_1_228' title='bbox 748 3056 856 3133; x_wconf 89' lang='lat' dir='ltr'><strong>quippe</strong></span> <span class='ocrx_word' id='word_1_229' title='bbox 879 3054 977 3114; x_wconf 91' lang='lat' dir='ltr'><strong>minuti</strong></span> 
     </span>
    </p>

    <p class='ocr_par' dir='ltr' id='par_1_14' title="bbox 209 3133 1199 3300">
     <span class='ocr_line' id='line_1_35' title="bbox 209 3133 1199 3215; baseline 0.002 -21"><span class='ocrx_word' id='word_1_230' title='bbox 209 3133 334 3212; x_wconf 88' lang='lat' dir='ltr'><strong>Semper</strong></span> <span class='ocrx_word' id='word_1_231' title='bbox 356 3145 385 3196; x_wconf 87' lang='lat' dir='ltr'><strong>et</strong></span> <span class='ocrx_word' id='word_1_232' title='bbox 405 3137 506 3197; x_wconf 88' lang='lat' dir='ltr'><strong>intirmi</strong></span> <span class='ocrx_word' id='word_1_233' title='bbox 531 3147 577 3198; x_wconf 92' lang='lat' dir='ltr'><strong>est</strong></span> <span class='ocrx_word' id='word_1_234' title='bbox 601 3139 685 3199; x_wconf 89' lang='lat' dir='ltr'><strong>enimi</strong></span> <span class='ocrx_word' id='word_1_235' title='bbox 710 3139 865 3215; x_wconf 79' lang='lat' dir='ltr'><strong>exiguique</strong></span> <span class='ocrx_word' id='word_1_236' title='bbox 889 3136 1024 3214; x_wconf 85' lang='lat' dir='ltr'><strong>voluptas</strong></span> <span class='ocrx_word' id='word_1_237' title='bbox 1147 3141 1199 3196; x_wconf 80' lang='lat'><strong>190</strong></span> 
     </span>
     <span class='ocr_line' id='line_1_36' title="bbox 209 3216 925 3300; baseline 0.006 -24"><span class='ocrx_word' id='word_1_238' title='bbox 209 3216 302 3278; x_wconf 90' lang='lat' dir='ltr'><strong>Ultio:</strong></span> <span class='ocrx_word' id='word_1_239' title='bbox 327 3221 461 3280; x_wconf 88' lang='lat' dir='ltr'><strong>continuo</strong></span> <span class='ocrx_word' id='word_1_240' title='bbox 485 3222 528 3280; x_wconf 86' lang='lat' dir='ltr'><strong>sic</strong></span> <span class='ocrx_word' id='word_1_241' title='bbox 550 3221 675 3300; x_wconf 82' lang='lat' dir='ltr'><strong>collige,</strong></span> <span class='ocrx_word' id='word_1_242' title='bbox 699 3222 777 3300; x_wconf 95' lang='lat' dir='ltr'><strong>quod</strong></span> <span class='ocrx_word' id='word_1_243' title='bbox 799 3220 925 3280; x_wconf 82' lang='lat' dir='ltr'><strong>vindicta</strong></span> 
     </span>
    </p>

    <p class='ocr_par' dir='ltr' id='par_1_15' title="bbox 208 3299 1163 3465">
     <span class='ocr_line' id='line_1_37' title="bbox 208 3299 1163 3384; baseline 0.001 -24"><span class='ocrx_word' id='word_1_244' title='bbox 208 3299 301 3360; x_wconf 89' lang='lat' dir='ltr'><strong>Nemo</strong></span> <span class='ocrx_word' id='word_1_245' title='bbox 323 3304 415 3380; x_wconf 74' lang='lat' dir='ltr'><strong>magis</strong></span> <span class='ocrx_word' id='word_1_246' title='bbox 436 3303 561 3381; x_wconf 77' lang='lat' dir='ltr'><strong>gaudet,</strong></span> <span class='ocrx_word' id='word_1_247' title='bbox 584 3323 669 3384; x_wconf 88' lang='lat' dir='ltr'><strong>quam</strong></span> <span class='ocrx_word' id='word_1_248' title='bbox 692 3306 806 3365; x_wconf 86' lang='lat' dir='ltr'><strong>lemine.</strong></span> <span class='ocrx_word' id='word_1_249' title='bbox 852 3301 911 3362; x_wconf 86' lang='lat' dir='ltr'><strong>Gur</strong></span> <span class='ocrx_word' id='word_1_250' title='bbox 931 3311 1028 3362; x_wconf 91' lang='lat' dir='ltr'><strong>temen</strong></span> <span class='ocrx_word' id='word_1_251' title='bbox 1051 3301 1106 3362; x_wconf 86' lang='lat' dir='ltr'><strong>lros</strong></span> <span class='ocrx_word' id='word_1_252' title='bbox 1131 3309 1163 3361; x_wconf 90' lang='lat' dir='ltr'><strong>tu</strong></span> 
     </span>
     <span class='ocr_line' id='line_1_38' title="bbox 209 3382 883 3465; baseline 0.004 -23"><span class='ocrx_word' id='word_1_253' title='bbox 209 3382 347 3446; x_wconf 82' lang='lat' dir='ltr'><strong>Evasisse</strong></span> <span class='ocrx_word' id='word_1_254' title='bbox 371 3395 471 3464; x_wconf 83' lang='lat' dir='ltr'><strong>putes,</strong></span> <span class='ocrx_word' id='word_1_255' title='bbox 495 3404 569 3465; x_wconf 89' lang='lat' dir='ltr'><strong>quos</strong></span> <span class='ocrx_word' id='word_1_256' title='bbox 593 3388 647 3448; x_wconf 89' lang='lat' dir='ltr'><strong>diri</strong></span> <span class='ocrx_word' id='word_1_257' title='bbox 673 3389 791 3448; x_wconf 91' lang='lat' dir='ltr'><strong>conscia</strong></span> <span class='ocrx_word' id='word_1_258' title='bbox 813 3387 883 3448; x_wconf 87' lang='lat' dir='ltr'><strong>iacti</strong></span> 
     </span>
    </p>

    <p class='ocr_par' dir='ltr' id='par_1_16' title="bbox 207 3466 988 3531">
     <span class='ocr_line' id='line_1_39' title="bbox 207 3466 988 3531; baseline 0.003 -5"><span class='ocrx_word' id='word_1_259' title='bbox 207 3466 291 3526; x_wconf 87' lang='lat' dir='ltr'><strong>lllens</strong></span> <span class='ocrx_word' id='word_1_260' title='bbox 314 3468 402 3529; x_wconf 87' lang='lat' dir='ltr'><strong>hebet</strong></span> <span class='ocrx_word' id='word_1_261' title='bbox 423 3471 561 3530; x_wconf 88' lang='lat' dir='ltr'><strong>attonitos</strong></span> <span class='ocrx_word' id='word_1_262' title='bbox 583 3479 612 3531; x_wconf 88' lang='lat' dir='ltr'><strong>et</strong></span> <span class='ocrx_word' id='word_1_263' title='bbox 632 3470 720 3531; x_wconf 89' lang='lat' dir='ltr'><strong>surdo</strong></span> <span class='ocrx_word' id='word_1_264' title='bbox 742 3470 868 3530; x_wconf 87' lang='lat' dir='ltr'><strong>verbere</strong></span> <span class='ocrx_word' id='word_1_265' title='bbox 891 3468 988 3531; x_wconf 86' lang='lat' dir='ltr'><strong>caedit</strong></span> 
     </span>
    </p>
   </div>
   <div class='ocr_carea' id='block_1_9' title="bbox 0 0 1321 4006">
    <p class='ocr_par' dir='ltr' id='par_1_17' title="bbox 0 0 1321 4006">
     <span class='ocr_line' id='line_1_40' title="bbox 0 0 1321 4006; baseline 0 0"><span class='ocrx_word' id='word_1_266' title='bbox 0 0 1321 4006; x_wconf 95' lang='lat' dir='ltr'><strong> </strong></span> 
     </span>
    </p>
   </div>
  </div>
 </body>
</html>
