2600 4006
488 198 612 254 suumn
633 200 680 247 1v.

88 333 160 394 Nam
181 335 249 395 milri
274 345 415 396 commota
438 336 597 396 iamdudum
621 338 707 398 mulio
731 341 811 416 virga

88 418 208 478 Annuit:
237 437 310 496 ergo
332 420 399 501 uale
422 422 513 478 nostri
534 438 658 496 memor,
682 432 710 481 et
732 426 846 501 quoties
872 433 899 482 te
960 491 963 498 ,

87 501 179 562 Roma
203 511 253 562 tuo
276 504 357 563 refici
379 504 582 582 properantem
605 505 707 565 reddet
732 507 858 585 Aquino,

87 584 133 644 tte
158 603 276 665 quoque
299 589 334 647 ad
352 587 501 646 Helvinam
520 586 657 647 Cererem
680 599 864 670 uestramque
882 590 1001 652 Dianam
1026 603 1077 657 320

89 667 235 728 Converte
259 688 274 728 a
297 669 409 730 Cumis:
431 672 581 731 satirarum
605 689 677 748 ego,
701 675 729 731 ni
752 675 842 752 pudet
864 675 942 750 illas,

87 752 212 812 Adiutor
234 753 350 830 gelidos
372 755 485 814 veniam
508 755 648 832 caligatus
672 757 700 816 in
721 774 821 833 agros.
878 770 880 773 ’

426 1075 752 1172 snuuansu

90 1207 173 1298 Ecce
196 1238 299 1297 iterum
327 1236 493 1317 Crispinus,
518 1248 547 1299 et
568 1249 612 1299 est
631 1239 698 1298 mihi
721 1257 810 1317 saepe
834 1241 982 1301 vocandus

91 1323 131 1382 Ad
155 1331 272 1400 partes,
299 1332 456 1381 monstrum
481 1323 558 1382 nulla
582 1325 687 1382 virtute
709 1324 888 1401 redemptum

91 1408 114 1465 Α
137 1407 232 1480 vitiis,
256 1423 363 1483 aegrae
386 1407 509 1484 solaque
532 1405 649 1486 libidine
672 1407 765 1465 fortes

90 1490 236 1550 Deliciae:
259 1490 359 1550 viduas
383 1499 489 1551 tantum
511 1499 664 1568 spernatur
687 1490 811 1550 adulter.

89 1574 164 1648 Quid
187 1574 278 1633 refert
299 1575 403 1651 igitur,
427 1575 540 1652 quantis
556 1575 685 1635 ‚iumenta
707 1574 812 1650 fatiget
1010 1623 1012 1628 .
1041 1579 1075 1640 '5
1171 1615 1174 1620 ⁴
1202 1607 1204 1611 -

88 1657 269 1732 Porticibus,
293 1667 396 1736 quanta
419 1675 566 1718 nemorum
587 1666 719 1717 vectetur
740 1658 768 1716 in
791 1657 901 1733 umbra,

88 1742 194 1819 lugere
217 1750 287 1819 quot
306 1743 399 1812 uicina
421 1743 502 1817 loro,
527 1759 598 1820 quas
621 1743 721 1801 emerit
736 1739 855 1801 aedes?

87 1825 181 1886 Nemo
204 1825 295 1884 malus
322 1825 407 1900 felix,
430 1821 544 1885 minime
567 1834 721 1903 corruptor
743 1834 771 1883 et
794 1825 868 1905 idern

87 1909 238 1985 lucestus,
262 1927 325 1968 cum
348 1926 405 1988 quo
430 1927 522 1986 nuper
547 1911 646 1969 vittata
673 1908 786 1968 iacebat

88 1994 237 2072 Sanguine
261 1993 353 2052 adhuc
375 1995 442 2053 vivo
466 2003 571 2054 terram
594 1992 720 2052 subitura
743 1991 892 2051 sacerdos.

9 2154 10 2158 Ἰ
89 2077 148 2137 Sed
175 2094 251 2136 nunc
271 2076 307 2136 de
327 2077 413 2136 iactis
435 2077 610 2137 levioribus:
638 2085 667 2134 et
689 2085 784 2134 tamen
807 2075 881 2133 alter

8 2159 10 2192 ⁵
89 2163 119 2220 Si
143 2161 266 2220 iecisset
287 2161 378 2236 idem,
402 2161 520 2221 caderet
541 2160 594 2219 suh
617 2158 711 2218 iudice
734 2174 858 2223 morum:

88 2243 161 2305 Nam
185 2244 261 2322 quod
284 2253 368 2320 turpe
389 2243 490 2320 ltonis,
513 2243 587 2303 'litio
612 2244 757 2321 scioque,
781 2240 906 2301 decebat

90 2327 270 2406 Crispinum:
293 2327 360 2407 quid
384 2346 469 2405 agas,
493 2345 577 2407 quum
600 2325 660 2386 dira
684 2335 713 2386 et
735 2325 851 2384 foedior
874 2325 949 2384 omni

91 2411 218 2471 Crimine
240 2428 365 2489 persona
389 2408 454 2471 esti
497 2410 614 2470 Mullum
641 2429 694 2469 sex
727 2408 840 2468 milibus
864 2410 941 2484 emit,

91 2497 272 2574 dequantem
295 2513 364 2555 sane
387 2495 504 2574 paribus
527 2494 660 2553 sestertia
683 2492 774 2568 libris,

91 2579 129 2638 Ut
151 2578 320 2657 perhibent,
344 2580 393 2657 qui
418 2580 454 2639 de
476 2579 586 2655 magnis
608 2580 716 2636 maiora
742 2578 906 2656 loquuntur.

93 2661 252 2722 Consilium
275 2663 361 2723 laudo
384 2663 518 2737 artificis,
542 2664 565 2729 si
587 2679 705 2721 munere
727 2670 807 2721 tanto

91 2746 279 2824 Praecipuum
300 2749 326 2805 in
349 2747 452 2806 tabulis
479 2763 574 2805 ceram
600 2747 677 2804 senis
704 2745 822 2804 abstulit
844 2745 924 2811 orbi:

90 2829 144 2888 Est
165 2831 241 2889 ratio
264 2824 400 2905 ulterior,
427 2847 548 2906 magnae
568 2831 593 2888 si
617 2831 692 2887 misit
713 2830 833 2900 amicae,

92 2913 175 2986 Quae
196 2913 312 2972 vehitur
335 2915 435 2974 clauso
459 2915 523 2972 latis
547 2911 748 2991 specularibus
773 2921 864 2971 antro.

91 2995 137 3055 Nil
160 2996 220 3056 tale
243 3007 416 3076 exspectes:
441 3000 507 3056 emit
530 2996 595 3056 sibi.
640 2995 727 3055 llulta
749 2996 890 3069 videmus,

91 3079 174 3152 Quae
196 3082 285 3153 miser
308 3090 337 3140 et
359 3081 434 3158 frugi
459 3099 516 3140 uon
538 3080 608 3140 iecit
632 3079 766 3156 Apicius!
811 3077 875 3137 lloc
895 3086 936 3150 tu,

49 3217 54 3226 .
92 3165 265 3224 Succinctus
288 3166 380 3243 patria
404 3165 561 3243 quondam,
588 3161 738 3241 Crispine,
763 3178 887 3240 papyro,

91 3247 154 3306 lloc
175 3251 272 3326 pretio
294 3247 462 3327 squamam?
496 3248 589 3307 Potuit
612 3247 738 3305 fortasse
760 3247 877 3304 minoris

92 3330 225 3392 Piscator
249 3349 333 3408 quam
357 3335 445 3411 piscis
469 3334 538 3398 emi;
562 3332 710 3409 provincia
734 3333 802 3390 tanti

92 3413 197 3476 Vendit
221 3431 328 3493 agros,
351 3419 402 3478 sed
427 3418 551 3475 maiores
575 3413 701 3491 Appulia
723 3414 829 3473 vendit.
886 3493 924 3540 ,s
