2626 4006
502 242 626 292 sauma
647 246 725 292 x111.
1073 233 1113 294 89

130 383 283 445 Occultum
306 383 453 461 quatiente
476 385 569 443 animo
592 393 704 444 tortore
728 383 898 462 flagellum?
1063 395 1115 450 195.

129 469 226 528 Poena
248 475 344 527 autern
365 465 523 527 vehemens
544 487 579 528 ac
605 470 696 529 multo
719 470 836 528 saevior
860 468 929 543 illis,

123 551 210 625 Quas
233 559 262 610 et
282 547 435 611 Caedicius
458 553 555 628 gravis
581 553 689 612 invenit
711 561 741 612 ct
761 551 1002 628 Rhadamanthus,

128 634 224 695 Nocte
249 634 355 714 dieque
377 652 457 694 suum
478 644 597 711 gestare
618 637 646 695 in
666 645 788 714 pectore
810 645 924 695 testem.

130 720 274 799 Spartano
298 719 410 779 cuidam
435 718 587 797 respoudit
606 718 707 795 Pythia
728 728 822 795 vates,

128 802 211 864 Haud
233 803 399 882 impunitum
421 802 564 881 quondam
582 803 662 878 iore,
687 803 763 880 quod
786 802 930 862 dubitaret
1062 815 1114 866 200

127 886 302 965 Depositum
324 887 451 946 retinere
475 894 504 945 et
525 886 656 946 fraudem
677 888 739 946 iure
764 888 840 946 tueri

127 970 266 1039 iurandm
290 968 449 1047 quaerebat
471 971 562 1044 enim,
587 988 662 1049 quac
682 971 805 1034 numinis.
827 979 907 1029 esset

127 1052 229 1129 biens,
254 1062 283 1113 et
305 1071 341 1112 an
360 1052 417 1112 boc
438 1053 482 1113 illi
504 1053 616 1113 facinus
638 1054 774 1114 suaderet
795 1051 927 1132 Apollo?

130 1137 266 1198 Reddidit
288 1154 360 1215 ergo
382 1145 475 1213 metu,
504 1154 561 1196 non
583 1137 724 1206 maribam
748 1147 777 1198 et
799 1146 894 1198 tamen
916 1155 1028 1198 omnem

129 1221 241 1281 Vocem
262 1222 340 1296 adyti
363 1221 475 1297 dignam
498 1221 608 1299 templo
629 1238 787 1300 veramque
810 1221 956 1300 probavit,
1061 1233 1119 1286 205·

126 1304 296 1364 Exstinctus
319 1313 380 1365 tota
402 1307 512 1383 pariter
530 1323 593 1364 cum
615 1304 700 1383 prole
722 1305 867 1383 domoque

125 1387 165 1448 Et
189 1390 318 1468 quamvis
341 1388 429 1464 longa
451 1387 583 1449 deductis
608 1397 697 1466 gente
721 1391 900 1468 propinquis.

125 1471 186 1531 llas
206 1474 311 1550 patitur
334 1488 446 1551 poenas
469 1472 612 1551 peccandi
634 1473 700 1533 sola
722 1474 873 1539 voluntas;

126 1554 200 1615 llam
222 1555 320 1616 scelus
343 1558 417 1616 intra
439 1574 473 1615 se
497 1557 613 1616 tacitum
636 1557 685 1635 qui
707 1558 815 1633 cogitat
838 1556 937 1630 ullum,

127 1637 210 1698 Facti
232 1642 340 1700 crimen
361 1638 466 1699 babet:
494 1640 584 1715 cedo,
608 1640 633 1698 si
657 1648 760 1701 conata
783 1638 911 1718 peregit!
1060 1649 1112 1702 210

126 1723 272 1801 Perpetua
291 1725 421 1784 anxietas
444 1742 499 1784 nec
520 1741 639 1784 mensae
660 1733 793 1801 tempore
814 1732 922 1799 cessat,

78 1818 80 1822 ’
125 1805 272 1866 Faucibus
294 1816 325 1866 ut
345 1806 448 1867 morbo
470 1809 557 1866 siccis
582 1809 714 1887 interque
738 1807 864 1869 molares

125 1889 246 1950 Dillicili
270 1899 423 1950 crescente
445 1890 526 1959 cibo;
549 1891 649 1951 Setina
671 1891 802 1951 misellus

125 1973 267 2051 Exspuit,
291 1973 397 2034 Albani
421 1975 529 2033 veteris
550 1977 679 2051 pretiosa
702 1985 839 2034 senectus

125 2056 286 2134 Displicet;
309 2057 446 2118 ostendas
468 2057 589 2133 melius,
611 2057 782 2117 densissima
802 2077 873 2135 ruga
1060 2067 1112 2120 215

127 2137 250 2217 Cogitur
272 2143 300 2201 in
320 2142 461 2216 frontem,
484 2140 565 2200 uelut
586 2143 647 2200 acri
670 2140 755 2200 ducta
776 2139 911 2200 Falerno.

126 2222 221 2284 Nocte
244 2223 363 2285 brevem
386 2227 410 2284 si
432 2224 507 2284 forte
529 2223 646 2284 indulsit
672 2242 740 2284 cura
764 2241 902 2303 soporem

125 2306 164 2368 Et
189 2317 251 2367 toto
272 2317 389 2368 versata
410 2318 476 2367 toro
497 2309 553 2366 iam
576 2307 704 2368 membru
728 2309 889 2386 quiescunt,

127 2389 271 2451 continuo
294 2392 431 2470 templum
453 2401 482 2450 et
503 2391 603 2452 violati
625 2383 832 2452 numinis'aras

125 2473 181 2550 Ec,
209 2474 286 2552 qu'od
308 2477 475 2554 praecipuis
500 2485 625 2535 mentem
646 2474 799 2536 sudoribus
820 2484 915 2553 urget,
1060 2487 1112 2539 220

126 2557 170 2618 'le
195 2557 276 2618 videt
299 2561 327 2618 iu
350 2561 472 2626 somnis;
497 2569 544 2619 tua
566 2577 650 2620 sacra
674 2568 704 2618 et
726 2561 817 2619 maior
839 2562 934 2638 imago

124 2641 254 2702 Humana
276 2642 373 2703 turbat
394 2643 528 2721 pavidum
551 2647 688 2722 cogitque
710 2645 805 2704 fateri.

124 2725 162 2786 lli
184 2735 266 2802 sunt,
291 2728 342 2804 qui
363 2725 507 2805 trepidant
528 2727 613 2788 etad
635 2730 728 2787 omnia
748 2728 863 2804 fulgura
886 2727 1007 2806 pallent,

126 2809 221 2882 Quum
244 2818 340 2885 tonat,
365 2811 513 2870 exanimes
538 2813 629 2889 primo
653 2828 768 2888 quoque
788 2829 931 2870 murmure
956 2810 1048 2878 coeli;

81 2881 92 2904 ⁸
124 2891 192 2953 Non
215 2895 298 2972 quasi
323 2894 458 2955 fortuitus
479 2912 535 2954 nec
557 2904 708 2954 ventorum
729 2893 827 2969 rabie,
855 2892 907 2952 sed
1060 2903 1111 2955 225

124 2975 218 3036 iratus
242 2978 327 3037 cadat
349 2979 377 3037 iu
400 2986 495 3037 terras
517 2987 546 3037 et
568 2978 675 3038 iudicet
698 2979 782 3054 ignis.

124 3059 179 3120 llla
201 3059 272 3120 nibil
293 3063 406 3122 nocuit:
431 3079 499 3122 cura
522 3063 658 3139 graviore
682 3062 798 3120 timetur

124 3142 261 3204 Proxima
282 3153 458 3223 tempestas,
483 3144 564 3204 velut
586 3145 643 3204 hoc
663 3144 751 3204 dilata
775 3161 891 3204 sereno.

124 3226 283 3286 Praeterea
307 3228 407 3289 lateris
431 3228 512 3306 vigili
536 3246 601 3288 cum
622 3227 707 3288 febre
731 3228 863 3288 dolorem

124 3309 156 3368 Si
180 3327 309 3389 coepere
331 3315 408 3390 pati,
432 3313 550 3372 missum
572 3312 681 3373 adsue
704 3328 829 3391 corpora
849 3312 980 3372 morbum
1059 3319 1111 3372 2³0

122 3391 235 3454 Infesto
258 3395 380 3455 credunt
402 3415 419 3456 a
441 3397 571 3465 numine;
595 3414 664 3456 saxa
686 3397 805 3456 deorum

122 3475 205 3538 Haec
228 3486 258 3538 et
279 3477 339 3538 tela
361 3488 470 3558 putant.
504 3479 649 3540 Pecudem
670 3479 815 3559 spondere
838 3478 951 3540 sacello
