2626 4006
204 221 246 280 72
545 225 579 276 1).
602 225 674 272 run.
695 224 880 272 ruvuuuurs
956 226 958 230 ·

204 369 352 430 Bellorum
377 383 484 444 pompu
507 367 626 424 animam
650 361 817 422 exhalasset
838 362 972 440 opimam,

206 452 300 526 Quum
321 450 358 510 de
380 449 543 510 Teutonico
564 446 657 507 vellet
679 444 862 505 descendere
886 443 994 506 currui

205 535 328 598 Provida
350 533 490 611 Pompeio
514 531 637 592 dederat
659 527 813 607 (lampenis
834 528 934 589 febres

206 618 368 698 optandas,
390 617 443 677 sed
465 615 571 676 multae
597 613 687 672 urbes
711 621 740 672 et
761 610 877 691 publica
899 622 967 673 vota

205 705 359 770 Viceruut;
385 701 472 778 igitur
497 699 610 759 fortuna
634 697 724 775 ipsius
749 705 778 755 et
800 695 879 755 urbis
1142 707 1197 760 085

206 788 358 848 Servatum
379 785 457 844 victo
482 791 568 860 caput
591 779 716 841 abstulit.
757 778 820 838 lloc
845 780 973 841 cruciatu

205 869 360 945 Lentulus,
382 867 439 928 hac
461 883 557 946 poena
578 865 670 924 caruit
692 863 858 941 ceciditque
881 857 1031 940 Cethegus

206 954 340 1030 integer,
366 961 395 1012 et
415 951 502 1011 iacuit
526 947 647 1009 Catilina
674 947 817 1007 cadavere
842 955 915 1006 toto.

248 1035 381 1096 Formam
407 1042 487 1112 optat
507 1032 622 1093 modico
645 1030 760 1108 pueris,
788 1031 897 1090 maiore
922 1028 1028 1109 puellis

206 1121 368 1194 llurmure,
395 1135 481 1196 quum
506 1115 630 1175 Veneris
654 1114 750 1174 lanum
772 1113 863 1190 ridet,
885 1114 969 1174 unxia
984 1121 1076 1172 mater
1144 1121 1199 1175 290

207 1204 306 1282 Usque
333 1202 369 1262 ad
391 1200 512 1261 delicias
535 1206 677 1258 votorum.
714 1194 771 1256 000
793 1207 905 1272 tamen,
928 1196 1029 1274 inquit,

208 1281 376 1364 Corripias‘l
399 1283 520 1363 pulchra
543 1281 652 1359 gaudet
673 1279 782 1340 Latona
806 1280 907 1340 iliano.
925 1312 968 1322 -

208 1371 267 1433 Sed
289 1377 370 1430 vetut
395 1367 489 1446 optari
515 1367 619 1426 iaciem
639 1363 792 1440 Lucretia,
819 1364 934 1441 qualem

207 1456 274 1534 lpsa
300 1452 413 1520 babuit;
440 1459 564 1529 cuperet
589 1447 705 1508 Rutilae
729 1447 867 1524 Verginia
891 1445 1010 1525 gibbum

208 1539 355 1616 Accipere
376 1545 464 1614 utque
486 1552 567 1595 suam
592 1531 706 1592 Rutilae
729 1531 810 1592 dare.
843 1530 933 1592 Filius
956 1542 1052 1591 autem
1146 1539 1197 1593 090
1309 1543 1310 1550 ’

211 1621 350 1700 corporis
374 1619 487 1697 egregii
508 1619 632 1678 miseros
655 1615 845 1693 trepidosque
870 1623 1007 1693 parentes

209 1708 332 1783 Semper
354 1703 454 1767 habet;
496 1718 562 1761 rara
585 1709 631 1760 est
650 1698 725 1760 adeo
752 1699 908 1758 concordia
932 1698 1042 1760 lormae

209 1789 306 1866 Atque
327 1786 493 1865 pudicitiae.
527 1784 650 1844 Sanctus
672 1781 741 1841 licet
763 1782 881 1843 horrida
901 1799 998 1842 mores

209 1871 372 1932 Tradiderit
393 1869 494 1929 domus
518 1885 552 1928 ac
575 1875 693 1926 veteres
714 1866 821 1926 imitata
847 1865 981 1941 Sabinos,

209 1957 366 2015 Praeterea
392 1960 501 2013 castum
522 1952 667 2028 ingenium
690 1949 859 2028 vultumque
883 1950 1016 2010 modesto
1146 1959 1201 2012 300

211 2040 357 2115 Sanguine
383 2037 545 2096 ferventem
570 2034 675 2094 tribuat
696 2043 797 2094 natura
823 2033 948 2112 benigna

211 2123 303 2200 Larga
325 2138 423 2182 manu:
449 2119 534 2200 (quid
557 2121 632 2178 enim
657 2134 749 2196 puero
779 2117 915 2193 conferre
940 2126 1039 2196 potest
1062 2117 1128 2195 plus

208 2206 340 2271 Custode
367 2214 397 2265 et
416 2222 485 2264 cura
507 2213 607 2264 natura
631 2203 779 2281 potentior
801 2199 914 2280 omnii)

211 2290 276 2350 Non
297 2289 368 2349 licet
391 2306 459 2348 esse
479 2290 559 2355 viro;
580 2304 645 2347 nam
666 2285 789 2364 prodiga
813 2286 993 2364 corruptoris
1142 2325 1155 2357 .

211 2371 384 2452 improbitas
409 2372 490 2449 ipsos
516 2370 603 2430 audet
628 2379 770 2448 temptare
792 2378 939 2448 parentes.
1147 2379 1200 2432 303

212 2457 302 2518 Tanta
324 2458 352 2515 in
377 2455 541 2515 muneribus
563 2453 677 2515 liducia.
717 2452 820 2514 Nullus
846 2453 990 2532 ephebum

212 2541 380 2601 Deiormem
405 2555 494 2598 saeva
517 2539 652 2598 castravit
675 2539 703 2596 in
728 2555 796 2596 arce
819 2545 966 2612 tyrannus,

211 2623 276 2684 Nec
302 2630 514 2701 praetextatum
534 2622 629 2699 rapuit
649 2619 730 2681 Nero
755 2620 917 2699 loripedem
940 2638 996 2680 000

213 2709 393 2769 strumosum
414 2713 502 2784 atque
523 2713 608 2764 utero
632 2705 740 2783 pariter
761 2703 911 2790 gibboque
936 2712 1103 2763 tumentem.
1308 2749 1309 2778 2

213 2789 761 2867 100000010000100000101001000
787 2790 843 2864 tui,
868 2806 953 2866 quem
1149 2797 1201 2850 310
1308 2851 1309 2858 ,

213 2875 322 2936 Maiora
344 2882 517 2952 exspectant
542 2873 720 2934 discrimina:
747 2872 797 2932 liet
818 2871 932 2932 adulter
1003 2925 1006 2930 .

213 2959 349 3020 Publicus
378 2966 406 3018 et
428 2975 538 3036 poenas
559 2965 669 3017 metuat
695 2974 891 3035 quascumque
916 2957 1025 3016 maritis

213 3042 298 3103 lratis
324 3042 429 3118 debet,
455 3043 587 3101 necarit
608 3040 725 3101 ielicior
746 3039 827 3100 'aeuo

214 3124 330 3202 Martis,
352 3133 383 3184 ut
405 3126 434 3183 in
457 3125 579 3202 laqueos
604 3141 755 3202 numquam
777 3124 894 3185 incidat.
931 3121 1030 3200 Exigit
1052 3130 1146 3181 autem

214 3207 359 3268 Interdum
382 3208 433 3267 ille
456 3207 542 3267 dolor
563 3205 628 3286 plus
653 3226 737 3285 quam
759 3207 808 3268 lex
830 3208 888 3268 ulla
912 3205 1007 3267 dolori
1149 3214 1199 3270 313

217 3290 386 3360 concessit3
410 3300 495 3351 necat
514 3291 561 3350 bio
582 3291 679 3366 10000,
703 3301 786 3352 secat
807 3291 858 3351 ille
883 3290 1009 3350 cruentis

215 3373 411 3450 Verberibus,
436 3374 576 3453 quosdam
597 3373 737 3434 moechos
760 3384 789 3434 et
807 3374 921 3452 mugilis
943 3375 1037 3434 intrat.

216 3457 276 3517 Sed
296 3466 361 3518 tuus
384 3456 545 3533 Endymion
570 3457 696 3517 dilectae
720 3457 770 3517 liet
791 3458 904 3518 adulter
