2626 4006
533 260 567 305 D.
590 258 661 305 tttrt.
683 255 868 304 luventatis

494 611 533 700 ii.
560 606 668 700 ttttt
693 603 915 698 iitihihhii

614 788 792 865 uenturus

379 923 1023 1035 snutnntttttt

569 1119 669 1182 tinuit
688 1118 841 1184 TERTIUS.

610 1307 790 1316 —-—

527 1423 761 1488 SATIRA
802 1423 877 1486 VII.

210 1520 253 1615 Et
276 1571 345 1632 spes
366 1562 395 1614 et
417 1555 489 1615 ratio
512 1555 668 1614 studiorum
692 1555 719 1612 in
742 1551 869 1614 caesare
888 1560 1009 1612 tantum:

209 1638 296 1701 Solus
318 1639 391 1697 enim
413 1639 513 1697 tristes
534 1639 589 1698 hac
612 1647 785 1716 tempestate
809 1633 951 1697 Camenas

209 1722 366 1798 Respexit,
391 1739 476 1800 quum
495 1723 548 1782 iam
572 1721 709 1782 celebres
731 1722 848 1799 notique
871 1727 978 1798 poetae

208 1803 379 1867 Baineolum
400 1804 514 1880 Gabiis,
536 1804 646 1865 Romae
667 1806 831 1865 conducere
854 1803 955 1863 iurnos

209 1889 412 1966 Temptarent,
434 1907 490 1948 uec
512 1889 627 1949 foedum
648 1889 696 1948 aiii
718 1907 773 1948 nec
796 1898 879 1966 turpe
903 1895 1037 1965 putarent
1182 1900 1201 1950 5

208 1974 374 2035 Praedones
395 1973 473 2042 iieri;
497 1990 581 2052 quum
604 1973 728 2032 desertis
750 1973 919 2050 Aganippes

208 2054 338 2117 Vaiiihus
360 2057 491 2117 esuriens
512 2057 649 2134 migraret
672 2058 700 2116 in
720 2057 791 2117 atria
813 2052 887 2115 ctio.

206 2140 278 2202 Nam
301 2141 325 2198 si
347 2140 441 2201 Pieria
465 2141 607 2220 quadrans
626 2140 678 2200 tihi
701 2140 796 2200 nuilus
818 2142 845 2199 in
868 2138 967 2198 umbra

208 2223 398 2302 Ostendatur,
422 2243 502 2285 ames
523 2242 627 2284 nomen
649 2225 814 2303 victumque
835 2222 1008 2284 Machaerae

207 2308 244 2368 Et
265 2307 376 2368 vendas
396 2309 508 2388 potius,
533 2310 684 2369 commissa
706 2308 784 2388 quod
809 2309 904 2368 auctio
925 2306 1025 2366 vendit
1166 2322 1201 2372 ιο
1301 2341 1302 2349 ¹

207 2391 372 2466 Stantihus,
396 2392 612 2470 oenophorum,
635 2392 784 2470 tripodes,
808 2393 944 2465 armaria,
969 2391 1068 2466 cistas,

206 2475 365 2535 Alcithoen
385 2475 489 2550 Pacci,
514 2474 630 2535 Thebas
654 2485 683 2534 et
705 2474 801 2536 Terea
823 2473 929 2534 Fausti.

207 2557 271 2618 iioo
293 2559 399 2634 satius,
422 2576 505 2637 quam
528 2560 553 2618 si
575 2559 654 2646 dipas
677 2559 730 2618 sub
751 2558 863 2633 iudice,
887 2558 955 2634 vidi,

208 2641 293 2715 Quod
314 2658 371 2700 non
391 2642 488 2701 vidisti
495 2664 501 2710 ;
525 2642 631 2702 iaciant
654 2645 768 2723 equites
790 2641 903 2716 Bithyni

208 2724 385 2804 Quamquam
407 2733 436 2784 et
459 2723 651 2804 Cappadoces
672 2727 778 2787 iaciant
801 2726 973 2804 equitesque
994 2722 1107 2801 Asiani,
1165 2737 1201 2790 15

206 2809 308 2870 Altera
332 2826 405 2887 quos
427 2809 502 2869 nudo
525 2811 648 2870 traducit
669 2810 760 2871 Gallia
780 2809 850 2869 talo.

204 2892 298 2953 Nemo
321 2903 415 2953 tamen
437 2893 538 2953 studiis
560 2894 705 2971 indignum
729 2894 807 2954 ierre
831 2893 962 2954 laborem

207 2975 336 3054 Cogetur
357 2978 496 3055 posthac,
520 2978 608 3038 nectit
631 2979 802 3057 quicumque
826 2977 941 3038 canoris

204 3059 359 3139 Eloquium
380 3061 485 3122 vocale
509 3061 603 3123 modis
620 3061 788 3140 laurumque
808 3060 971 3123 momordit.

203 3143 267 3203 Hoc
287 3145 381 3221 agite,
405 3162 422 3204 o
442 3145 577 3204 iuvenes!
601 3145 798 3223 circumspicit
820 3154 850 3205 et
872 3144 998 3204 stimulat
1021 3157 1076 3201 vos
1162 3152 1200 3204 20
1284 3179 1295 3222 ‚t

204 3226 412 3307 historiamque
432 3228 486 3287 sibi
507 3228 589 3288 ducis
613 3229 789 3305 induigentia
813 3229 935 3309 quaerit.

204 3312 235 3371 Si
257 3330 314 3390 qua
336 3311 451 3373 aliunde
474 3318 558 3389 putas
579 3330 675 3372 rerum
698 3312 896 3389 exspectanda
918 3321 1026 3372 tuarum

202 3393 351 3454 Pracsidia
374 3402 460 3472 atque
482 3394 548 3454 ideo
573 3413 697 3455 croceae
715 3395 877 3455 membrana
900 3395 1027 3456 tabellae

202 3477 357 3556 impietur,
380 3477 522 3554 lignorum
545 3478 651 3557 aliquid
673 3495 766 3556 posce
787 3481 868 3538 ocius
892 3487 921 3538 et
943 3496 1017 3557 quae
