<?xml version="1.0" encoding="UTF-8"?>
<!DOCTYPE html PUBLIC "-//W3C//DTD XHTML 1.0 Transitional//EN"
    "http://www.w3.org/TR/xhtml1/DTD/xhtml1-transitional.dtd">
<html xmlns="http://www.w3.org/1999/xhtml" xml:lang="en" lang="en">
 <head>
  <title>
</title>
<meta http-equiv="Content-Type" content="text/html;charset=utf-8" />
  <meta name='ocr-system' content='tesseract 3.04.00' />
  <meta name='ocr-capabilities' content='ocr_page ocr_carea ocr_par ocr_line ocrx_word'/>
</head>
<body>
  <div class='ocr_page' id='page_1' title='image "./satirarumlibriq03juvegoog_0087.png"; bbox 0 0 2626 4006; ppageno 0'>
   <div class='ocr_carea' id='block_1_1' title="bbox 210 207 865 265">
    <p class='ocr_par' dir='ltr' id='par_1_1' title="bbox 210 207 865 265">
     <span class='ocr_line' id='line_1_1' title="bbox 210 207 865 265; baseline -0.009 0"><span class='ocrx_word' id='word_1_1' title='bbox 210 207 249 265; x_wconf 78' lang='lat' dir='ltr'><strong>ll</strong></span> <span class='ocrx_word' id='word_1_2' title='bbox 529 218 563 262; x_wconf 86' lang='lat' dir='ltr'><strong>n.</strong></span> <span class='ocrx_word' id='word_1_3' title='bbox 584 216 655 263; x_wconf 75' lang='lat' dir='ltr'><strong>rum.</strong></span> <span class='ocrx_word' id='word_1_4' title='bbox 678 212 865 262; x_wconf 80' lang='lat' dir='ltr'><strong>mvnnnnrs</strong></span> 
     </span>
    </p>
   </div>
   <div class='ocr_carea' id='block_1_2' title="bbox 206 351 1204 2021">
    <p class='ocr_par' dir='ltr' id='par_1_2' title="bbox 207 351 1200 685">
     <span class='ocr_line' id='line_1_2' title="bbox 210 351 1200 431; baseline -0.006 -14"><span class='ocrx_word' id='word_1_5' title='bbox 210 357 329 417; x_wconf 85' lang='lat' dir='ltr'><strong>Tantum</strong></span> <span class='ocrx_word' id='word_1_6' title='bbox 352 364 430 417; x_wconf 87' lang='lat' dir='ltr'><strong>artes</strong></span> <span class='ocrx_word' id='word_1_7' title='bbox 452 355 552 430; x_wconf 89' lang='lat' dir='ltr'><strong>buius,</strong></span> <span class='ocrx_word' id='word_1_8' title='bbox 577 362 683 414; x_wconf 91' lang='lat' dir='ltr'><strong>tautum</strong></span> <span class='ocrx_word' id='word_1_9' title='bbox 705 351 895 413; x_wconf 77' lang='lat' dir='ltr'><strong>medicamina</strong></span> <span class='ocrx_word' id='word_1_10' title='bbox 915 361 1047 431; x_wconf 81' lang='lat' dir='ltr'><strong>possunt,</strong></span> <span class='ocrx_word' id='word_1_11' title='bbox 1146 362 1200 418; x_wconf 80' lang='lat'><strong>595</strong></span> 
     </span>
     <span class='ocr_line' id='line_1_3' title="bbox 210 436 1130 515; baseline -0.004 -15"><span class='ocrx_word' id='word_1_12' title='bbox 210 440 292 514; x_wconf 84' lang='lat' dir='ltr'><strong>Quae</strong></span> <span class='ocrx_word' id='word_1_13' title='bbox 316 439 433 499; x_wconf 89' lang='lat' dir='ltr'><strong>steriles</strong></span> <span class='ocrx_word' id='word_1_14' title='bbox 455 439 525 498; x_wconf 86' lang='lat' dir='ltr'><strong>lacit</strong></span> <span class='ocrx_word' id='word_1_15' title='bbox 548 446 635 515; x_wconf 88' lang='lat' dir='ltr'><strong>atque</strong></span> <span class='ocrx_word' id='word_1_16' title='bbox 655 437 786 497; x_wconf 90' lang='lat' dir='ltr'><strong>bomines</strong></span> <span class='ocrx_word' id='word_1_17' title='bbox 806 438 834 496; x_wconf 92' lang='lat' dir='ltr'><strong>in</strong></span> <span class='ocrx_word' id='word_1_18' title='bbox 855 445 958 497; x_wconf 86' lang='lat' dir='ltr'><strong>ventre</strong></span> <span class='ocrx_word' id='word_1_19' title='bbox 981 436 1130 498; x_wconf 89' lang='lat' dir='ltr'><strong>necandos</strong></span> 
     </span>
     <span class='ocr_line' id='line_1_4' title="bbox 209 519 1047 599; baseline -0.005 -16"><span class='ocrx_word' id='word_1_20' title='bbox 209 520 362 583; x_wconf 82' lang='lat' dir='ltr'><strong>Gonducit.</strong></span> <span class='ocrx_word' id='word_1_21' title='bbox 408 521 523 596; x_wconf 82' lang='lat' dir='ltr'><strong>Gaude,</strong></span> <span class='ocrx_word' id='word_1_22' title='bbox 551 520 668 597; x_wconf 81' lang='lat' dir='ltr'><strong>infelix,</strong></span> <span class='ocrx_word' id='word_1_23' title='bbox 693 529 780 599; x_wconf 89' lang='lat' dir='ltr'><strong>atque</strong></span> <span class='ocrx_word' id='word_1_24' title='bbox 803 521 868 598; x_wconf 89' lang='lat' dir='ltr'><strong>ipse</strong></span> <span class='ocrx_word' id='word_1_25' title='bbox 890 519 1047 580; x_wconf 91' lang='lat' dir='ltr'><strong>bibendum</strong></span> 
     </span>
     <span class='ocr_line' id='line_1_5' title="bbox 207 604 1036 685; baseline -0.007 -17"><span class='ocrx_word' id='word_1_26' title='bbox 207 607 345 683; x_wconf 87' lang='lat' dir='ltr'><strong>Porrige,</strong></span> <span class='ocrx_word' id='word_1_27' title='bbox 365 605 502 685; x_wconf 87' lang='lat' dir='ltr'><strong>quidquid</strong></span> <span class='ocrx_word' id='word_1_28' title='bbox 526 606 595 674; x_wconf 89' lang='lat' dir='ltr'><strong>erit;</strong></span> <span class='ocrx_word' id='word_1_29' title='bbox 618 624 683 665; x_wconf 89' lang='lat' dir='ltr'><strong>uam</strong></span> <span class='ocrx_word' id='word_1_30' title='bbox 707 605 732 664; x_wconf 90' lang='lat' dir='ltr'><strong>si</strong></span> <span class='ocrx_word' id='word_1_31' title='bbox 754 604 921 665; x_wconf 85' lang='lat' dir='ltr'><strong>distendere</strong></span> <span class='ocrx_word' id='word_1_32' title='bbox 944 604 1036 665; x_wconf 88' lang='lat' dir='ltr'><strong>vellet</strong></span> 
     </span>
    </p>

    <p class='ocr_par' dir='ltr' id='par_1_3' title="bbox 207 688 961 767">
     <span class='ocr_line' id='line_1_6' title="bbox 207 688 961 767; baseline -0.005 -17"><span class='ocrx_word' id='word_1_33' title='bbox 207 690 246 750; x_wconf 83' lang='lat' dir='ltr'><strong>Et</strong></span> <span class='ocrx_word' id='word_1_34' title='bbox 268 707 378 750; x_wconf 83' lang='lat' dir='ltr'><strong>vexare</strong></span> <span class='ocrx_word' id='word_1_35' title='bbox 402 698 514 749; x_wconf 88' lang='lat' dir='ltr'><strong>uterum</strong></span> <span class='ocrx_word' id='word_1_36' title='bbox 537 690 637 767; x_wconf 91' lang='lat' dir='ltr'><strong>pueris</strong></span> <span class='ocrx_word' id='word_1_37' title='bbox 661 688 851 763; x_wconf 78' lang='lat' dir='ltr'><strong>salientibus,</strong></span> <span class='ocrx_word' id='word_1_38' title='bbox 876 706 961 748; x_wconf 88' lang='lat' dir='ltr'><strong>esses</strong></span> 
     </span>
    </p>

    <p class='ocr_par' dir='ltr' id='par_1_4' title="bbox 207 770 1202 935">
     <span class='ocr_line' id='line_1_7' title="bbox 208 770 1202 851; baseline 0.002 -19"><span class='ocrx_word' id='word_1_39' title='bbox 208 773 363 851; x_wconf 79' lang='lat' dir='ltr'><strong>Aethiopis</strong></span> <span class='ocrx_word' id='word_1_40' title='bbox 385 773 512 833; x_wconf 83' lang='lat' dir='ltr'><strong>fortasse</strong></span> <span class='ocrx_word' id='word_1_41' title='bbox 534 781 632 851; x_wconf 89' lang='lat' dir='ltr'><strong>pater;</strong></span> <span class='ocrx_word' id='word_1_42' title='bbox 656 788 724 832; x_wconf 86' lang='lat' dir='ltr'><strong>mox</strong></span> <span class='ocrx_word' id='word_1_43' title='bbox 745 770 868 832; x_wconf 90' lang='lat' dir='ltr'><strong>decolor</strong></span> <span class='ocrx_word' id='word_1_44' title='bbox 890 772 978 832; x_wconf 90' lang='lat' dir='ltr'><strong>beres</strong></span> <span class='ocrx_word' id='word_1_45' title='bbox 1073 815 1076 822; x_wconf 78' lang='lat'><em>·</em></span> <span class='ocrx_word' id='word_1_46' title='bbox 1148 781 1202 834; x_wconf 92' lang='grc'><strong>600</strong></span> 
     </span>
     <span class='ocr_line' id='line_1_8' title="bbox 207 854 1018 935; baseline -0.004 -18"><span class='ocrx_word' id='word_1_47' title='bbox 207 856 346 935; x_wconf 87' lang='lat' dir='ltr'><strong>impleret</strong></span> <span class='ocrx_word' id='word_1_48' title='bbox 368 855 496 932; x_wconf 89' lang='lat' dir='ltr'><strong>tabulas,</strong></span> <span class='ocrx_word' id='word_1_49' title='bbox 520 873 672 935; x_wconf 83' lang='lat' dir='ltr'><strong>numquam</strong></span> <span class='ocrx_word' id='word_1_50' title='bbox 693 855 744 915; x_wconf 92' lang='lat' dir='ltr'><strong>tibi</strong></span> <span class='ocrx_word' id='word_1_51' title='bbox 764 873 847 916; x_wconf 89' lang='lat' dir='ltr'><strong>mane</strong></span> <span class='ocrx_word' id='word_1_52' title='bbox 866 854 1018 915; x_wconf 82' lang='lat' dir='ltr'><strong>videndus.</strong></span> 
     </span>
    </p>

    <p class='ocr_par' dir='ltr' id='par_1_5' title="bbox 207 939 971 1018">
     <span class='ocr_line' id='line_1_9' title="bbox 207 939 971 1018; baseline -0.003 -18"><span class='ocrx_word' id='word_1_53' title='bbox 207 941 339 1001; x_wconf 78' lang='lat' dir='ltr'><strong>Transeo</strong></span> <span class='ocrx_word' id='word_1_54' title='bbox 362 940 533 1018; x_wconf 89' lang='lat' dir='ltr'><strong>suppositos</strong></span> <span class='ocrx_word' id='word_1_55' title='bbox 555 950 584 999; x_wconf 93' lang='lat' dir='ltr'><strong>et</strong></span> <span class='ocrx_word' id='word_1_56' title='bbox 605 939 710 1017; x_wconf 91' lang='lat' dir='ltr'><strong>gaudia</strong></span> <span class='ocrx_word' id='word_1_57' title='bbox 732 948 859 1017; x_wconf 85' lang='lat' dir='ltr'><strong>votaque</strong></span> <span class='ocrx_word' id='word_1_58' title='bbox 881 957 971 1017; x_wconf 86' lang='lat' dir='ltr'><strong>saepe</strong></span> 
     </span>
    </p>

    <p class='ocr_par' dir='ltr' id='par_1_6' title="bbox 207 1022 986 1102">
     <span class='ocr_line' id='line_1_10' title="bbox 207 1022 986 1102; baseline -0.003 -18"><span class='ocrx_word' id='word_1_59' title='bbox 207 1024 253 1084; x_wconf 79' lang='lat' dir='ltr'><strong>nd</strong></span> <span class='ocrx_word' id='word_1_60' title='bbox 276 1040 399 1102; x_wconf 93' lang='lat' dir='ltr'><strong>spurcos</strong></span> <span class='ocrx_word' id='word_1_61' title='bbox 414 1025 555 1102; x_wconf 86' lang='lat' dir='ltr'><strong>decerpta</strong></span> <span class='ocrx_word' id='word_1_62' title='bbox 573 1023 655 1083; x_wconf 88' lang='lat' dir='ltr'><strong>lacus</strong></span> <span class='ocrx_word' id='word_1_63' title='bbox 675 1031 762 1102; x_wconf 92' lang='lat' dir='ltr'><strong>atque</strong></span> <span class='ocrx_word' id='word_1_64' title='bbox 786 1022 853 1082; x_wconf 90' lang='lat' dir='ltr'><strong>inde</strong></span> <span class='ocrx_word' id='word_1_65' title='bbox 878 1025 986 1102; x_wconf 89' lang='lat' dir='ltr'><strong>petitos</strong></span> 
     </span>
    </p>

    <p class='ocr_par' dir='ltr' id='par_1_7' title="bbox 206 1106 1202 1342">
     <span class='ocr_line' id='line_1_11' title="bbox 206 1106 1054 1182; baseline -0.004 -14"><span class='ocrx_word' id='word_1_66' title='bbox 206 1107 381 1181; x_wconf 81' lang='lat' dir='ltr'><strong>Pontifices,</strong></span> <span class='ocrx_word' id='word_1_67' title='bbox 414 1106 522 1182; x_wconf 91' lang='lat' dir='ltr'><strong>salios,</strong></span> <span class='ocrx_word' id='word_1_68' title='bbox 548 1108 721 1166; x_wconf 84' lang='lat' dir='ltr'><strong>Scaurorum</strong></span> <span class='ocrx_word' id='word_1_69' title='bbox 744 1107 858 1166; x_wconf 90' lang='lat' dir='ltr'><strong>nomina</strong></span> <span class='ocrx_word' id='word_1_70' title='bbox 883 1106 959 1168; x_wconf 85' lang='lat' dir='ltr'><strong>falso</strong></span> <span class='ocrx_word' id='word_1_71' title='bbox 1051 1139 1054 1146; x_wconf 40' lang='grc' dir='ltr'>ι</span> 
     </span>
     <span class='ocr_line' id='line_1_12' title="bbox 209 1189 1202 1270; baseline 0.001 -19"><span class='ocrx_word' id='word_1_72' title='bbox 209 1189 343 1270; x_wconf 81' lang='lat' dir='ltr'><strong>Corpore</strong></span> <span class='ocrx_word' id='word_1_73' title='bbox 366 1190 487 1250; x_wconf 88' lang='lat' dir='ltr'><strong>laturos.</strong></span> <span class='ocrx_word' id='word_1_74' title='bbox 532 1191 594 1250; x_wconf 89' lang='lat' dir='ltr'><strong>Stat</strong></span> <span class='ocrx_word' id='word_1_75' title='bbox 615 1189 741 1251; x_wconf 84' lang='lat' dir='ltr'><strong>Fortuna</strong></span> <span class='ocrx_word' id='word_1_76' title='bbox 765 1191 897 1269; x_wconf 91' lang='lat' dir='ltr'><strong>improba</strong></span> <span class='ocrx_word' id='word_1_77' title='bbox 921 1199 1019 1266; x_wconf 89' lang='lat' dir='ltr'><strong>nocta,</strong></span> <span class='ocrx_word' id='word_1_78' title='bbox 1150 1199 1202 1252; x_wconf 86' lang='grc'><strong>605</strong></span> 
     </span>
     <span class='ocr_line' id='line_1_13' title="bbox 207 1272 952 1342; baseline 0 -8"><span class='ocrx_word' id='word_1_79' title='bbox 207 1273 348 1335; x_wconf 78' lang='lat' dir='ltr'><strong>brridens</strong></span> <span class='ocrx_word' id='word_1_80' title='bbox 370 1273 454 1333; x_wconf 89' lang='lat' dir='ltr'><strong>nudis</strong></span> <span class='ocrx_word' id='word_1_81' title='bbox 476 1272 644 1342; x_wconf 69' lang='lat' dir='ltr'><strong>infantilium</strong></span> <span class='ocrx_word' id='word_1_82' title='bbox 670 1274 724 1334; x_wconf 87' lang='lat' dir='ltr'><strong>hos</strong></span> <span class='ocrx_word' id='word_1_83' title='bbox 745 1273 828 1334; x_wconf 82' lang='lat' dir='ltr'><strong>fovet</strong></span> <span class='ocrx_word' id='word_1_84' title='bbox 850 1291 952 1334; x_wconf 90' lang='lat' dir='ltr'><strong>omnes</strong></span> 
     </span>
    </p>

    <p class='ocr_par' dir='ltr' id='par_1_8' title="bbox 206 1357 1071 1521">
     <span class='ocr_line' id='line_1_14' title="bbox 206 1357 976 1437; baseline -0.004 -19"><span class='ocrx_word' id='word_1_85' title='bbox 206 1358 390 1437; x_wconf 82' lang='lat' dir='ltr'><strong>Involvitque</strong></span> <span class='ocrx_word' id='word_1_86' title='bbox 414 1359 489 1426; x_wconf 89' lang='lat' dir='ltr'><strong>sinu;</strong></span> <span class='ocrx_word' id='word_1_87' title='bbox 515 1357 648 1418; x_wconf 88' lang='lat' dir='ltr'><strong>domibus</strong></span> <span class='ocrx_word' id='word_1_88' title='bbox 670 1367 738 1418; x_wconf 89' lang='lat' dir='ltr'><strong>tunc</strong></span> <span class='ocrx_word' id='word_1_89' title='bbox 764 1359 888 1436; x_wconf 85' lang='lat' dir='ltr'><strong>porrigit</strong></span> <span class='ocrx_word' id='word_1_90' title='bbox 910 1358 976 1419; x_wconf 89' lang='lat' dir='ltr'><strong>altis</strong></span> 
     </span>
     <span class='ocr_line' id='line_1_15' title="bbox 209 1440 1071 1521; baseline -0.003 -19"><span class='ocrx_word' id='word_1_91' title='bbox 209 1443 422 1521; x_wconf 79' lang='lat' dir='ltr'><strong>Secretumque</strong></span> <span class='ocrx_word' id='word_1_92' title='bbox 443 1440 498 1501; x_wconf 88' lang='lat' dir='ltr'><strong>sibi</strong></span> <span class='ocrx_word' id='word_1_93' title='bbox 521 1442 636 1501; x_wconf 88' lang='lat' dir='ltr'><strong>mimum</strong></span> <span class='ocrx_word' id='word_1_94' title='bbox 659 1451 755 1521; x_wconf 88' lang='lat' dir='ltr'><strong>parat;</strong></span> <span class='ocrx_word' id='word_1_95' title='bbox 780 1441 836 1502; x_wconf 91' lang='lat' dir='ltr'><strong>bos</strong></span> <span class='ocrx_word' id='word_1_96' title='bbox 858 1450 950 1518; x_wconf 89' lang='lat' dir='ltr'><strong>amat,</strong></span> <span class='ocrx_word' id='word_1_97' title='bbox 971 1440 1016 1500; x_wconf 93' lang='lat' dir='ltr'><strong>bis</strong></span> <span class='ocrx_word' id='word_1_98' title='bbox 1038 1458 1071 1499; x_wconf 87' lang='lat' dir='ltr'><strong>sc</strong></span> 
     </span>
    </p>

    <p class='ocr_par' dir='ltr' id='par_1_9' title="bbox 209 1525 964 1605">
     <span class='ocr_line' id='line_1_16' title="bbox 209 1525 964 1605; baseline -0.004 -20"><span class='ocrx_word' id='word_1_99' title='bbox 209 1525 317 1604; x_wconf 78' lang='lat' dir='ltr'><strong>ingerit</strong></span> <span class='ocrx_word' id='word_1_100' title='bbox 340 1535 428 1604; x_wconf 90' lang='lat' dir='ltr'><strong>utque</strong></span> <span class='ocrx_word' id='word_1_101' title='bbox 453 1543 522 1585; x_wconf 87' lang='lat' dir='ltr'><strong>suos</strong></span> <span class='ocrx_word' id='word_1_102' title='bbox 537 1543 655 1605; x_wconf 90' lang='lat' dir='ltr'><strong>semper</strong></span> <span class='ocrx_word' id='word_1_103' title='bbox 666 1525 801 1604; x_wconf 91' lang='lat' dir='ltr'><strong>producit</strong></span> <span class='ocrx_word' id='word_1_104' title='bbox 823 1525 964 1586; x_wconf 89' lang='lat' dir='ltr'><strong>alumnos.</strong></span> 
     </span>
    </p>

    <p class='ocr_par' dir='ltr' id='par_1_10' title="bbox 206 1607 1204 1770">
     <span class='ocr_line' id='line_1_17' title="bbox 206 1607 1204 1686; baseline 0.001 -18"><span class='ocrx_word' id='word_1_105' title='bbox 206 1609 260 1668; x_wconf 89' lang='lat' dir='ltr'><strong>Hic</strong></span> <span class='ocrx_word' id='word_1_106' title='bbox 284 1610 417 1686; x_wconf 88' lang='lat' dir='ltr'><strong>magicos</strong></span> <span class='ocrx_word' id='word_1_107' title='bbox 440 1608 525 1670; x_wconf 79' lang='lat' dir='ltr'><strong>affert</strong></span> <span class='ocrx_word' id='word_1_108' title='bbox 548 1618 666 1685; x_wconf 87' lang='lat' dir='ltr'><strong>cantus,</strong></span> <span class='ocrx_word' id='word_1_109' title='bbox 688 1610 737 1670; x_wconf 89' lang='lat' dir='ltr'><strong>iric</strong></span> <span class='ocrx_word' id='word_1_110' title='bbox 759 1609 900 1671; x_wconf 85' lang='lat' dir='ltr'><strong>Thessala</strong></span> <span class='ocrx_word' id='word_1_111' title='bbox 922 1607 1022 1668; x_wconf 90' lang='lat' dir='ltr'><strong>vendit</strong></span> <span class='ocrx_word' id='word_1_112' title='bbox 1150 1616 1204 1669; x_wconf 85' lang='lat'><strong>610</strong></span> 
     </span>
     <span class='ocr_line' id='line_1_18' title="bbox 207 1690 975 1770; baseline -0.005 -16"><span class='ocrx_word' id='word_1_113' title='bbox 207 1692 336 1767; x_wconf 84' lang='lat' dir='ltr'><strong>Philtra,</strong></span> <span class='ocrx_word' id='word_1_114' title='bbox 360 1690 464 1770; x_wconf 90' lang='lat' dir='ltr'><strong>quibus</strong></span> <span class='ocrx_word' id='word_1_115' title='bbox 486 1692 583 1752; x_wconf 83' lang='lat' dir='ltr'><strong>valeat</strong></span> <span class='ocrx_word' id='word_1_116' title='bbox 604 1701 728 1752; x_wconf 87' lang='lat' dir='ltr'><strong>mentem</strong></span> <span class='ocrx_word' id='word_1_117' title='bbox 750 1712 862 1755; x_wconf 83' lang='lat' dir='ltr'><strong>vexare</strong></span> <span class='ocrx_word' id='word_1_118' title='bbox 882 1693 975 1753; x_wconf 90' lang='lat' dir='ltr'><strong>mariti</strong></span> 
     </span>
    </p>

    <p class='ocr_par' dir='ltr' id='par_1_11' title="bbox 207 1774 1049 1856">
     <span class='ocr_line' id='line_1_19' title="bbox 207 1774 1049 1856; baseline -0.001 -21"><span class='ocrx_word' id='word_1_119' title='bbox 207 1776 245 1835; x_wconf 85' lang='lat' dir='ltr'><strong>Et</strong></span> <span class='ocrx_word' id='word_1_120' title='bbox 268 1775 350 1835; x_wconf 88' lang='lat' dir='ltr'><strong>solea</strong></span> <span class='ocrx_word' id='word_1_121' title='bbox 376 1774 495 1852; x_wconf 89' lang='lat' dir='ltr'><strong>pulsare</strong></span> <span class='ocrx_word' id='word_1_122' title='bbox 519 1784 617 1848; x_wconf 90' lang='lat' dir='ltr'><strong>nates;</strong></span> <span class='ocrx_word' id='word_1_123' title='bbox 643 1776 722 1854; x_wconf 94' lang='lat' dir='ltr'><strong>quod</strong></span> <span class='ocrx_word' id='word_1_124' title='bbox 748 1777 875 1856; x_wconf 86' lang='lat' dir='ltr'><strong>desipis,</strong></span> <span class='ocrx_word' id='word_1_125' title='bbox 903 1776 970 1837; x_wconf 89' lang='lat' dir='ltr'><strong>inde</strong></span> <span class='ocrx_word' id='word_1_126' title='bbox 990 1782 1049 1843; x_wconf 77' lang='lat' dir='ltr'><strong>est:</strong></span> 
     </span>
    </p>

    <p class='ocr_par' dir='ltr' id='par_1_12' title="bbox 208 1857 959 1938">
     <span class='ocr_line' id='line_1_20' title="bbox 208 1857 959 1938; baseline 0.001 -20"><span class='ocrx_word' id='word_1_127' title='bbox 208 1859 279 1919; x_wconf 89' lang='lat' dir='ltr'><strong>inde</strong></span> <span class='ocrx_word' id='word_1_128' title='bbox 305 1859 390 1918; x_wconf 87' lang='lat' dir='ltr'><strong>animi</strong></span> <span class='ocrx_word' id='word_1_129' title='bbox 417 1857 514 1936; x_wconf 84' lang='lat' dir='ltr'><strong>caligo</strong></span> <span class='ocrx_word' id='word_1_130' title='bbox 541 1868 571 1919; x_wconf 87' lang='lat' dir='ltr'><strong>et</strong></span> <span class='ocrx_word' id='word_1_131' title='bbox 595 1878 698 1938; x_wconf 88' lang='lat' dir='ltr'><strong>magna</strong></span> <span class='ocrx_word' id='word_1_132' title='bbox 721 1859 830 1921; x_wconf 88' lang='lat' dir='ltr'><strong>oblivio</strong></span> <span class='ocrx_word' id='word_1_133' title='bbox 851 1879 959 1935; x_wconf 87' lang='lat' dir='ltr'><strong>rernm,</strong></span> 
     </span>
    </p>

    <p class='ocr_par' dir='ltr' id='par_1_13' title="bbox 209 1941 1105 2021">
     <span class='ocr_line' id='line_1_21' title="bbox 209 1941 1105 2021; baseline -0.002 -18"><span class='ocrx_word' id='word_1_134' title='bbox 209 1943 288 2016; x_wconf 84' lang='lat' dir='ltr'><strong>Quas</strong></span> <span class='ocrx_word' id='word_1_135' title='bbox 310 1941 396 2002; x_wconf 91' lang='lat' dir='ltr'><strong>modo</strong></span> <span class='ocrx_word' id='word_1_136' title='bbox 420 1944 550 2020; x_wconf 79' lang='lat' dir='ltr'><strong>gessisti.</strong></span> <span class='ocrx_word' id='word_1_137' title='bbox 596 1943 704 2004; x_wconf 79' lang='lat' dir='ltr'><strong>&#39;lamen</strong></span> <span class='ocrx_word' id='word_1_138' title='bbox 724 1944 781 2004; x_wconf 93' lang='lat' dir='ltr'><strong>hoc</strong></span> <span class='ocrx_word' id='word_1_139' title='bbox 805 1943 978 2021; x_wconf 84' lang='lat' dir='ltr'><strong>tolerabile,</strong></span> <span class='ocrx_word' id='word_1_140' title='bbox 1000 1943 1025 2002; x_wconf 93' lang='lat' dir='ltr'><strong>si</strong></span> <span class='ocrx_word' id='word_1_141' title='bbox 1047 1958 1105 2002; x_wconf 90' lang='lat' dir='ltr'><strong>non</strong></span> 
     </span>
    </p>
   </div>
   <div class='ocr_carea' id='block_1_3' title="bbox 207 2026 1300 2114">
    <p class='ocr_par' dir='ltr' id='par_1_14' title="bbox 207 2026 1300 2114">
     <span class='ocr_line' id='line_1_22' title="bbox 207 2026 1300 2114; baseline 0 -28"><span class='ocrx_word' id='word_1_142' title='bbox 207 2026 245 2087; x_wconf 85' lang='lat' dir='ltr'><strong>Et</strong></span> <span class='ocrx_word' id='word_1_143' title='bbox 267 2026 367 2087; x_wconf 85' lang='lat' dir='ltr'><strong>furere</strong></span> <span class='ocrx_word' id='word_1_144' title='bbox 389 2027 528 2106; x_wconf 86' lang='lat' dir='ltr'><strong>incipias,</strong></span> <span class='ocrx_word' id='word_1_145' title='bbox 551 2036 581 2087; x_wconf 94' lang='lat' dir='ltr'><strong>ut</strong></span> <span class='ocrx_word' id='word_1_146' title='bbox 603 2028 762 2088; x_wconf 84' lang='lat' dir='ltr'><strong>avunculus</strong></span> <span class='ocrx_word' id='word_1_147' title='bbox 784 2029 835 2089; x_wconf 86' lang='lat' dir='ltr'><strong>ille</strong></span> <span class='ocrx_word' id='word_1_148' title='bbox 858 2028 995 2104; x_wconf 87' lang='lat' dir='ltr'><strong>Neronis,</strong></span> <span class='ocrx_word' id='word_1_149' title='bbox 1150 2036 1203 2090; x_wconf 86' lang='grc'><strong>616</strong></span> <span class='ocrx_word' id='word_1_150' title='bbox 1299 2101 1300 2114; x_wconf 17' lang='lat'>¹</span> 
     </span>
    </p>
   </div>
   <div class='ocr_carea' id='block_1_4' title="bbox 207 2108 1205 3530">
    <p class='ocr_par' dir='ltr' id='par_1_15' title="bbox 207 2108 1204 3026">
     <span class='ocr_line' id='line_1_23' title="bbox 209 2108 920 2191; baseline 0.003 -21"><span class='ocrx_word' id='word_1_151' title='bbox 209 2108 263 2171; x_wconf 78' lang='lat' dir='ltr'><strong>(lui</strong></span> <span class='ocrx_word' id='word_1_152' title='bbox 285 2119 372 2171; x_wconf 87' lang='lat' dir='ltr'><strong>totam</strong></span> <span class='ocrx_word' id='word_1_153' title='bbox 396 2111 510 2171; x_wconf 88' lang='lat' dir='ltr'><strong>tremuli</strong></span> <span class='ocrx_word' id='word_1_154' title='bbox 532 2113 658 2173; x_wconf 83' lang='lat' dir='ltr'><strong>frontem</strong></span> <span class='ocrx_word' id='word_1_155' title='bbox 680 2108 824 2174; x_wconf 79' lang='lat' dir='ltr'><strong>Caesonia</strong></span> <span class='ocrx_word' id='word_1_156' title='bbox 849 2112 920 2191; x_wconf 92' lang='lat' dir='ltr'><strong>pulli</strong></span> 
     </span>
     <span class='ocr_line' id='line_1_24' title="bbox 208 2191 1024 2276; baseline -0.001 -21"><span class='ocrx_word' id='word_1_157' title='bbox 208 2194 332 2255; x_wconf 88' lang='lat' dir='ltr'><strong>lnindit:</strong></span> <span class='ocrx_word' id='word_1_158' title='bbox 356 2212 431 2273; x_wconf 90' lang='lat' dir='ltr'><strong>quae</strong></span> <span class='ocrx_word' id='word_1_159' title='bbox 454 2212 512 2254; x_wconf 92' lang='lat' dir='ltr'><strong>uon</strong></span> <span class='ocrx_word' id='word_1_160' title='bbox 538 2195 643 2273; x_wconf 83' lang='lat' dir='ltr'><strong>faciet,</strong></span> <span class='ocrx_word' id='word_1_161' title='bbox 667 2197 745 2276; x_wconf 93' lang='lat' dir='ltr'><strong>quod</strong></span> <span class='ocrx_word' id='word_1_162' title='bbox 769 2197 909 2276; x_wconf 91' lang='lat' dir='ltr'><strong>principis</strong></span> <span class='ocrx_word' id='word_1_163' title='bbox 931 2191 1024 2256; x_wconf 78' lang='lat' dir='ltr'><strong>uxor?</strong></span> 
     </span>
     <span class='ocr_line' id='line_1_25' title="bbox 208 2276 970 2359; baseline 0.001 -21"><span class='ocrx_word' id='word_1_164' title='bbox 208 2276 359 2339; x_wconf 80' lang='lat' dir='ltr'><strong>Ardebant</strong></span> <span class='ocrx_word' id='word_1_165' title='bbox 381 2288 485 2338; x_wconf 89' lang='lat' dir='ltr'><strong>cuncta</strong></span> <span class='ocrx_word' id='word_1_166' title='bbox 508 2288 537 2339; x_wconf 89' lang='lat' dir='ltr'><strong>et</strong></span> <span class='ocrx_word' id='word_1_167' title='bbox 558 2280 650 2340; x_wconf 83' lang='lat' dir='ltr'><strong>fracta</strong></span> <span class='ocrx_word' id='word_1_168' title='bbox 673 2297 816 2359; x_wconf 90' lang='lat' dir='ltr'><strong>compage</strong></span> <span class='ocrx_word' id='word_1_169' title='bbox 838 2279 970 2355; x_wconf 90' lang='lat' dir='ltr'><strong>ruebant,</strong></span> 
     </span>
     <span class='ocr_line' id='line_1_26' title="bbox 207 2359 933 2440; baseline 0.003 -20"><span class='ocrx_word' id='word_1_170' title='bbox 207 2360 274 2421; x_wconf 88' lang='lat' dir='ltr'><strong>Non</strong></span> <span class='ocrx_word' id='word_1_171' title='bbox 297 2359 383 2420; x_wconf 87' lang='lat' dir='ltr'><strong>aliter</strong></span> <span class='ocrx_word' id='word_1_172' title='bbox 410 2378 495 2440; x_wconf 86' lang='lat' dir='ltr'><strong>quam</strong></span> <span class='ocrx_word' id='word_1_173' title='bbox 519 2363 544 2420; x_wconf 93' lang='lat' dir='ltr'><strong>si</strong></span> <span class='ocrx_word' id='word_1_174' title='bbox 566 2363 688 2423; x_wconf 86' lang='lat' dir='ltr'><strong>lecisset</strong></span> <span class='ocrx_word' id='word_1_175' title='bbox 710 2363 780 2424; x_wconf 91' lang='lat' dir='ltr'><strong>luno</strong></span> <span class='ocrx_word' id='word_1_176' title='bbox 803 2365 933 2424; x_wconf 90' lang='lat' dir='ltr'><strong>maritum</strong></span> 
     </span>
     <span class='ocr_line' id='line_1_27' title="bbox 208 2441 1203 2526; baseline 0.006 -22"><span class='ocrx_word' id='word_1_177' title='bbox 208 2444 352 2504; x_wconf 87' lang='lat' dir='ltr'><strong>Insanum.</strong></span> <span class='ocrx_word' id='word_1_178' title='bbox 397 2441 491 2503; x_wconf 86' lang='lat' dir='ltr'><strong>biinus</strong></span> <span class='ocrx_word' id='word_1_179' title='bbox 516 2463 589 2522; x_wconf 84' lang='lat' dir='ltr'><strong>ergo</strong></span> <span class='ocrx_word' id='word_1_180' title='bbox 611 2464 722 2507; x_wconf 90' lang='lat' dir='ltr'><strong>nocens</strong></span> <span class='ocrx_word' id='word_1_181' title='bbox 751 2449 806 2508; x_wconf 89' lang='lat' dir='ltr'><strong>erit</strong></span> <span class='ocrx_word' id='word_1_182' title='bbox 828 2447 1009 2526; x_wconf 82' lang='lat' dir='ltr'><strong>Agrippinae</strong></span> <span class='ocrx_word' id='word_1_183' title='bbox 1149 2457 1203 2510; x_wconf 76' lang='grc'><strong>600</strong></span> 
     </span>
     <span class='ocr_line' id='line_1_28' title="bbox 209 2526 943 2610; baseline 0.004 -23"><span class='ocrx_word' id='word_1_184' title='bbox 209 2526 346 2587; x_wconf 83' lang='lat' dir='ltr'><strong>Baletus:</strong></span> <span class='ocrx_word' id='word_1_185' title='bbox 368 2527 510 2605; x_wconf 89' lang='lat' dir='ltr'><strong>siquidem</strong></span> <span class='ocrx_word' id='word_1_186' title='bbox 531 2532 613 2590; x_wconf 93' lang='lat' dir='ltr'><strong>unius</strong></span> <span class='ocrx_word' id='word_1_187' title='bbox 637 2532 811 2609; x_wconf 90' lang='lat' dir='ltr'><strong>praecordia</strong></span> <span class='ocrx_word' id='word_1_188' title='bbox 835 2532 943 2610; x_wconf 89' lang='lat' dir='ltr'><strong>pressit</strong></span> 
     </span>
     <span class='ocr_line' id='line_1_29' title="bbox 208 2609 1018 2692; baseline 0.002 -22"><span class='ocrx_word' id='word_1_189' title='bbox 208 2609 264 2671; x_wconf 89' lang='lat' dir='ltr'><strong>llle</strong></span> <span class='ocrx_word' id='word_1_190' title='bbox 287 2610 366 2669; x_wconf 90' lang='lat' dir='ltr'><strong>senis</strong></span> <span class='ocrx_word' id='word_1_191' title='bbox 388 2611 600 2692; x_wconf 89' lang='lat' dir='ltr'><strong>tremulumque</strong></span> <span class='ocrx_word' id='word_1_192' title='bbox 623 2625 709 2692; x_wconf 90' lang='lat' dir='ltr'><strong>caput</strong></span> <span class='ocrx_word' id='word_1_193' title='bbox 728 2614 911 2676; x_wconf 88' lang='lat' dir='ltr'><strong>descendere</strong></span> <span class='ocrx_word' id='word_1_194' title='bbox 935 2615 1018 2675; x_wconf 88' lang='lat' dir='ltr'><strong>iussit</strong></span> 
     </span>
     <span class='ocr_line' id='line_1_30' title="bbox 209 2693 932 2772; baseline 0.008 -20"><span class='ocrx_word' id='word_1_195' title='bbox 209 2693 242 2753; x_wconf 89' lang='lat' dir='ltr'><strong>ln</strong></span> <span class='ocrx_word' id='word_1_196' title='bbox 263 2693 378 2753; x_wconf 88' lang='lat' dir='ltr'><strong>coelum</strong></span> <span class='ocrx_word' id='word_1_197' title='bbox 401 2703 431 2753; x_wconf 90' lang='lat' dir='ltr'><strong>et</strong></span> <span class='ocrx_word' id='word_1_198' title='bbox 450 2694 539 2772; x_wconf 89' lang='lat' dir='ltr'><strong>longa</strong></span> <span class='ocrx_word' id='word_1_199' title='bbox 561 2700 701 2759; x_wconf 87' lang='lat' dir='ltr'><strong>manantia</strong></span> <span class='ocrx_word' id='word_1_200' title='bbox 724 2698 805 2759; x_wconf 88' lang='lat' dir='ltr'><strong>labra</strong></span> <span class='ocrx_word' id='word_1_201' title='bbox 827 2698 932 2766; x_wconf 86' lang='lat' dir='ltr'><strong>saliva;</strong></span> 
     </span>
     <span class='ocr_line' id='line_1_31' title="bbox 209 2776 1127 2860; baseline 0.005 -25"><span class='ocrx_word' id='word_1_202' title='bbox 209 2776 290 2837; x_wconf 91' lang='lat' dir='ltr'><strong>Haec</strong></span> <span class='ocrx_word' id='word_1_203' title='bbox 313 2778 409 2855; x_wconf 88' lang='lat' dir='ltr'><strong>poscit</strong></span> <span class='ocrx_word' id='word_1_204' title='bbox 427 2778 536 2840; x_wconf 90' lang='lat' dir='ltr'><strong>ierrum</strong></span> <span class='ocrx_word' id='word_1_205' title='bbox 558 2790 645 2860; x_wconf 91' lang='lat' dir='ltr'><strong>atque</strong></span> <span class='ocrx_word' id='word_1_206' title='bbox 668 2783 768 2860; x_wconf 89' lang='lat' dir='ltr'><strong>ignes,</strong></span> <span class='ocrx_word' id='word_1_207' title='bbox 796 2783 870 2843; x_wconf 90' lang='lat' dir='ltr'><strong>baec</strong></span> <span class='ocrx_word' id='word_1_208' title='bbox 895 2783 975 2860; x_wconf 91' lang='lat' dir='ltr'><strong>potio</strong></span> <span class='ocrx_word' id='word_1_209' title='bbox 998 2790 1127 2859; x_wconf 89' lang='lat' dir='ltr'><strong>torquet,</strong></span> 
     </span>
     <span class='ocr_line' id='line_1_32' title="bbox 209 2860 1204 2946; baseline 0.007 -26"><span class='ocrx_word' id='word_1_210' title='bbox 209 2860 290 2922; x_wconf 89' lang='lat' dir='ltr'><strong>Haec</strong></span> <span class='ocrx_word' id='word_1_211' title='bbox 313 2860 425 2922; x_wconf 89' lang='lat' dir='ltr'><strong>lacerat</strong></span> <span class='ocrx_word' id='word_1_212' title='bbox 446 2863 552 2925; x_wconf 83' lang='lat' dir='ltr'><strong>mixtos</strong></span> <span class='ocrx_word' id='word_1_213' title='bbox 576 2867 702 2946; x_wconf 87' lang='lat' dir='ltr'><strong>equitum</strong></span> <span class='ocrx_word' id='word_1_214' title='bbox 725 2884 790 2926; x_wconf 89' lang='lat' dir='ltr'><strong>cum</strong></span> <span class='ocrx_word' id='word_1_215' title='bbox 811 2867 951 2942; x_wconf 86' lang='lat' dir='ltr'><strong>sanguine</strong></span> <span class='ocrx_word' id='word_1_216' title='bbox 977 2872 1086 2943; x_wconf 89' lang='lat' dir='ltr'><strong>patres.</strong></span> <span class='ocrx_word' id='word_1_217' title='bbox 1150 2875 1204 2928; x_wconf 76' lang='lat'><strong>625</strong></span> 
     </span>
     <span class='ocr_line' id='line_1_33' title="bbox 210 2943 1023 3026; baseline 0.009 -23"><span class='ocrx_word' id='word_1_218' title='bbox 210 2943 293 3004; x_wconf 85' lang='lat' dir='ltr'><strong>Tanti</strong></span> <span class='ocrx_word' id='word_1_219' title='bbox 316 2953 414 3024; x_wconf 90' lang='lat' dir='ltr'><strong>partus</strong></span> <span class='ocrx_word' id='word_1_220' title='bbox 439 2964 550 3026; x_wconf 90' lang='lat' dir='ltr'><strong>equae,</strong></span> <span class='ocrx_word' id='word_1_221' title='bbox 573 2952 643 3010; x_wconf 89' lang='lat' dir='ltr'><strong>tanti</strong></span> <span class='ocrx_word' id='word_1_222' title='bbox 667 2967 721 3010; x_wconf 93' lang='lat' dir='ltr'><strong>una</strong></span> <span class='ocrx_word' id='word_1_223' title='bbox 741 2950 875 3009; x_wconf 84' lang='lat' dir='ltr'><strong>venefica</strong></span> <span class='ocrx_word' id='word_1_224' title='bbox 895 2947 1023 3010; x_wconf 88' lang='lat' dir='ltr'><strong>constat!</strong></span> 
     </span>
    </p>

    <p class='ocr_par' dir='ltr' id='par_1_16' title="bbox 209 3026 1205 3530">
     <span class='ocr_line' id='line_1_34' title="bbox 254 3026 983 3112; baseline 0.008 -26"><span class='ocrx_word' id='word_1_225' title='bbox 254 3026 384 3087; x_wconf 86' lang='lat' dir='ltr'><strong>Oderunt</strong></span> <span class='ocrx_word' id='word_1_226' title='bbox 407 3037 490 3089; x_wconf 88' lang='lat' dir='ltr'><strong>natos</strong></span> <span class='ocrx_word' id='word_1_227' title='bbox 512 3033 549 3092; x_wconf 89' lang='lat' dir='ltr'><strong>de</strong></span> <span class='ocrx_word' id='word_1_228' title='bbox 572 3033 698 3112; x_wconf 86' lang='lat' dir='ltr'><strong>pellice;</strong></span> <span class='ocrx_word' id='word_1_229' title='bbox 721 3050 807 3093; x_wconf 90' lang='lat' dir='ltr'><strong>nemo</strong></span> <span class='ocrx_word' id='word_1_230' title='bbox 828 3042 983 3110; x_wconf 89' lang='lat' dir='ltr'><strong>repugnet,</strong></span> 
     </span>
     <span class='ocr_line' id='line_1_35' title="bbox 209 3110 1079 3196; baseline 0.005 -26"><span class='ocrx_word' id='word_1_231' title='bbox 209 3110 302 3171; x_wconf 85' lang='lat' dir='ltr'><strong>Nemo</strong></span> <span class='ocrx_word' id='word_1_232' title='bbox 326 3120 422 3182; x_wconf 86' lang='lat' dir='ltr'><strong>vetet;</strong></span> <span class='ocrx_word' id='word_1_233' title='bbox 446 3114 502 3173; x_wconf 87' lang='lat' dir='ltr'><strong>iam</strong></span> <span class='ocrx_word' id='word_1_234' title='bbox 525 3117 580 3177; x_wconf 90' lang='lat' dir='ltr'><strong>iam</strong></span> <span class='ocrx_word' id='word_1_235' title='bbox 603 3118 764 3196; x_wconf 85' lang='lat' dir='ltr'><strong>privignum</strong></span> <span class='ocrx_word' id='word_1_236' title='bbox 789 3115 928 3178; x_wconf 88' lang='lat' dir='ltr'><strong>occidere</strong></span> <span class='ocrx_word' id='word_1_237' title='bbox 950 3116 995 3176; x_wconf 86' lang='lat' dir='ltr'><strong>las</strong></span> <span class='ocrx_word' id='word_1_238' title='bbox 1019 3123 1079 3187; x_wconf 88' lang='lat' dir='ltr'><strong>est;</strong></span> 
     </span>
     <span class='ocr_line' id='line_1_36' title="bbox 209 3195 1084 3280; baseline 0.005 -27"><span class='ocrx_word' id='word_1_239' title='bbox 209 3195 272 3254; x_wconf 86' lang='lat' dir='ltr'><strong>Vos</strong></span> <span class='ocrx_word' id='word_1_240' title='bbox 297 3212 372 3272; x_wconf 91' lang='lat' dir='ltr'><strong>ego,</strong></span> <span class='ocrx_word' id='word_1_241' title='bbox 395 3196 513 3275; x_wconf 90' lang='lat' dir='ltr'><strong>pupilli,</strong></span> <span class='ocrx_word' id='word_1_242' title='bbox 537 3216 659 3277; x_wconf 88' lang='lat' dir='ltr'><strong>moneo,</strong></span> <span class='ocrx_word' id='word_1_243' title='bbox 684 3200 788 3280; x_wconf 91' lang='lat' dir='ltr'><strong>quibus</strong></span> <span class='ocrx_word' id='word_1_244' title='bbox 809 3199 934 3278; x_wconf 91' lang='lat' dir='ltr'><strong>amplior</strong></span> <span class='ocrx_word' id='word_1_245' title='bbox 957 3208 1004 3260; x_wconf 85' lang='lat' dir='ltr'><strong>est</strong></span> <span class='ocrx_word' id='word_1_246' title='bbox 1025 3217 1084 3275; x_wconf 87' lang='lat' dir='ltr'><strong>res,</strong></span> 
     </span>
     <span class='ocr_line' id='line_1_37' title="bbox 211 3276 1205 3345; baseline 0.006 -7"><span class='ocrx_word' id='word_1_247' title='bbox 211 3276 364 3338; x_wconf 78' lang='lat' dir='ltr'><strong>Custodite</strong></span> <span class='ocrx_word' id='word_1_248' title='bbox 387 3281 494 3340; x_wconf 86' lang='lat' dir='ltr'><strong>animas</strong></span> <span class='ocrx_word' id='word_1_249' title='bbox 518 3293 548 3343; x_wconf 89' lang='lat' dir='ltr'><strong>ct</strong></span> <span class='ocrx_word' id='word_1_250' title='bbox 568 3285 639 3345; x_wconf 90' lang='lat' dir='ltr'><strong>nulli</strong></span> <span class='ocrx_word' id='word_1_251' title='bbox 661 3284 773 3344; x_wconf 89' lang='lat' dir='ltr'><strong>credite</strong></span> <span class='ocrx_word' id='word_1_252' title='bbox 795 3301 928 3345; x_wconf 87' lang='lat' dir='ltr'><strong>mensae:</strong></span> <span class='ocrx_word' id='word_1_253' title='bbox 1150 3291 1205 3344; x_wconf 82' lang='grc'><strong>630</strong></span> 
     </span>
     <span class='ocr_line' id='line_1_38' title="bbox 212 3359 887 3445; baseline 0.006 -25"><span class='ocrx_word' id='word_1_254' title='bbox 212 3359 310 3422; x_wconf 85' lang='lat' dir='ltr'><strong>Livida</strong></span> <span class='ocrx_word' id='word_1_255' title='bbox 335 3371 464 3422; x_wconf 88' lang='lat' dir='ltr'><strong>materno</strong></span> <span class='ocrx_word' id='word_1_256' title='bbox 487 3365 602 3427; x_wconf 83' lang='lat' dir='ltr'><strong>fervent</strong></span> <span class='ocrx_word' id='word_1_257' title='bbox 624 3369 739 3445; x_wconf 87' lang='lat' dir='ltr'><strong>adipata</strong></span> <span class='ocrx_word' id='word_1_258' title='bbox 761 3385 887 3428; x_wconf 90' lang='lat' dir='ltr'><strong>veneno.</strong></span> 
     </span>
     <span class='ocr_line' id='line_1_39' title="bbox 213 3443 1031 3530; baseline 0.01 -28"><span class='ocrx_word' id='word_1_259' title='bbox 213 3443 359 3524; x_wconf 81' lang='lat' dir='ltr'><strong>[Mordeat</strong></span> <span class='ocrx_word' id='word_1_260' title='bbox 382 3454 448 3504; x_wconf 90' lang='lat' dir='ltr'><strong>ante</strong></span> <span class='ocrx_word' id='word_1_261' title='bbox 474 3449 594 3527; x_wconf 91' lang='lat' dir='ltr'><strong>aliquis,</strong></span> <span class='ocrx_word' id='word_1_262' title='bbox 622 3451 758 3529; x_wconf 91' lang='lat' dir='ltr'><strong>quidquid</strong></span> <span class='ocrx_word' id='word_1_263' title='bbox 783 3451 950 3530; x_wconf 84' lang='lat' dir='ltr'><strong>porrexerit</strong></span> <span class='ocrx_word' id='word_1_264' title='bbox 969 3449 1031 3526; x_wconf 90' lang='lat' dir='ltr'><strong>illa,</strong></span> 
     </span>
    </p>
   </div>
   <div class='ocr_carea' id='block_1_5' title="bbox 0 0 1322 4006">
    <p class='ocr_par' dir='ltr' id='par_1_17' title="bbox 0 0 1322 4006">
     <span class='ocr_line' id='line_1_40' title="bbox 0 0 1322 4006; baseline 0 0"><span class='ocrx_word' id='word_1_265' title='bbox 0 0 1322 4006; x_wconf 95' lang='lat' dir='ltr'><strong> </strong></span> 
     </span>
    </p>
   </div>
  </div>
 </body>
</html>
