2626 4006
503 239 637 286 SATIRA
658 240 734 288 XIII.

127 379 191 440 Nec
213 398 287 458 puer
308 377 430 454 lliaccs,
454 378 582 438 formosa
604 397 660 438 neo
681 378 815 440 Herculis
836 397 910 440 uxor

127 465 175 524 Ad
198 463 320 538 cyathos
344 470 373 521 et
393 463 449 521 iam
471 463 581 522 siccato
604 472 725 523 nectare
747 473 867 540 tergens

128 547 250 608 Brachia
272 545 422 606 Vulcanus
442 544 582 624 Liparaea
605 548 687 624 nigra
707 547 844 622 taberna,

128 630 291 693 Prandebat
313 629 368 689 sibi
391 631 513 708 quisque
536 630 624 707 deus,
645 650 701 690 nec
723 631 807 691 turba
828 631 947 692 deorum

129 714 209 775 'l'alis
231 725 262 775 ut
284 723 329 774 est
351 713 455 790 hodie,
479 723 674 793 contentaque
695 714 793 774 sidera
814 717 915 794 paucis

129 788 297 859 Numinibus
318 799 455 857 miserum
478 797 620 874 urgebant
640 799 754 860 Atlanta
774 801 876 860 minori

128 883 278 950 Pondere3
301 882 426 942 nondum
445 883 550 961 aliquis
571 885 690 943 sortitus
713 885 795 943 triste
817 883 955 962 profundi

128 967 283 1050 Imperium
306 975 353 1026 aut
372 966 471 1026 Sicula
490 975 591 1026 torvus
613 985 677 1026 cum
700 968 824 1046 coniuge
846 967 959 1045 Pluton,

128 1049 193 1112 Nec
214 1058 279 1110 rota
299 1068 357 1109 nec
379 1049 472 1110 iuriae
496 1067 553 1109 nec
576 1068 676 1112 sanum
697 1060 746 1112 aut
767 1050 889 1112 vulturis
910 1054 965 1112 atri

128 1134 242 1210 Poena,
266 1134 319 1194 sed
337 1133 457 1194 infernis
479 1133 588 1194 hilares
610 1136 672 1194 sine
695 1133 815 1212 regibus
836 1136 965 1198 umbrae.

128 1217 303 1297 improbitas
324 1216 375 1278 illo
397 1218 449 1277 luit
467 1217 643 1279 admirabilis
665 1235 751 1294 aevo,

129 1301 298 1362 Credebant
320 1301 511 1378 quo'grande
533 1302 616 1362 ueias
638 1312 668 1362 et
689 1311 782 1362 morte
804 1305 949 1382 piandum,

129 1388 161 1446 Si
182 1386 294 1445 iuvenis
314 1385 416 1448 vetulo.
435 1403 503 1444 non
515 1383 718 1446 assurrexerat
741 1395 770 1445 et
792 1389 816 1446 si

99 1499 101 1503 ·
128 1469 254 1530 Rarbato
278 1469 448 1547 cuicumque
469 1488 557 1548 puer,
580 1469 650 1530 licet
671 1471 736 1548 ipse
758 1470 873 1532 videret

128 1553 215 1614 Plura
238 1554 315 1613 dorni
337 1553 421 1630 fraga
443 1563 473 1612 et
490 1555 616 1614 maiores
640 1554 754 1631 glandis
778 1572 912 1616 acervos.

128 1638 199 1698 Tam
218 1636 390 1699 venerabile
414 1646 477 1698 erat
500 1638 683 1715 praecedere
703 1645 838 1716 quattuor
860 1641 952 1716 annis,

128 1721 281 1799 Primaque
303 1739 356 1799 par
377 1721 453 1782 adeo
475 1740 578 1782 sacrae
598 1722 705 1799 lanugo
728 1724 883 1783 senectae!

126 1803 228 1881 Nunc,
250 1807 275 1864 si
298 1805 462 1883 depositum
481 1822 539 1865 non
563 1806 700 1866 infitietur
723 1807 842 1882 amicus,

129 1891 162 1950 Si
185 1889 288 1950 reddat
309 1898 441 1949 veterem
463 1908 527 1949 cum
547 1898 608 1950 tota
631 1891 770 1967 aerugine
793 1890 905 1967 lollern,

127 1972 300 2049 Prodigiosa
322 1973 396 2033 fides
420 1983 450 2032 et
473 1972 577 2033 Tuscis
599 1974 686 2050 digna
708 1973 828 2050 libellis,

128 2055 270 2136 Quaeque
294 2066 432 2118 coronata
454 2057 569 2118 lustrari
592 2056 699 2118 debeat
720 2075 803 2134 agna.

126 2139 288 2218 Egregium
306 2151 494 2221 sanctumque
518 2142 608 2200 virum
631 2143 655 2200 si
678 2158 785 2217 cerno,
810 2141 960 2202 bimembri

126 2223 192 2285 Hoc
213 2234 371 2285 monstrum
394 2243 486 2304 puero
505 2225 554 2284 vel
576 2224 711 2284 mirandis
734 2224 787 2284 sub
806 2234 902 2286 aratro

127 2307 262 2369 Piscibus
279 2310 405 2370 inventis
421 2318 451 2368 et
469 2308 548 2370 fetae
570 2325 709 2386 comparo
731 2309 838 2385 mulae,

128 2393 297 2469 Sollicitus,
320 2403 465 2472 tamquam
486 2392 599 2471 lapides
620 2392 754 2453 effuderit
773 2393 866 2453 imber

127 2476 318 2557 Examenque
342 2479 437 2555 apium
460 2477 548 2555 longa
572 2477 739 2537 consederit
760 2496 815 2538 uva

129 2559 261 2621 Culmine
283 2561 398 2621 delubri
405 2571 578 2641 ,tamquam
601 2563 629 2620 in
650 2579 730 2623 marc
752 2562 868 2622 duxerit
891 2561 980 2652 amnis

128 2644 295 2722 Gurgitibus
318 2646 398 2705 miris
421 2653 451 2704 et
472 2645 565 2706 lactis
579 2647 691 2706 vertice
714 2655 839 2707 torrens.

170 2727 338 2806 Intercepta
361 2729 465 2789 decern
486 2731 620 2808 quereris
639 2731 775 2791 sestertia
789 2729 891 2790 fraude

128 2809 304 2889 Sacrilega‘l
327 2813 441 2891 quidsi
464 2813 508 2881 bis
534 2823 647 2873 centum
671 2814 796 2892 perdidit
819 2812 893 2873 alter

127 2894 192 2956 lloc
215 2914 321 2956 arcana
343 2895 450 2957 nrodoi
470 2899 610 2959 maiorem
631 2898 733 2957 tertius
755 2897 805 2956 illa

128 2981 289 3054 Summam,
313 2999 397 3060 quam
418 2982 534 3059 patulae
553 2984 603 3041 vix
626 2989 748 3059 ceperat
766 2979 889 3057 angulus
911 2975 1021 3039 arcael

128 3064 200 3125 Tam
222 3063 310 3124 facilc
333 3073 362 3124 et
381 3082 504 3143 pronurn
526 3075 571 3126 est
594 3082 718 3144 superos
742 3073 930 3130 contemnere
953 3071 1056 3138 testes,
1086 3069 1120 3124 tc

128 3149 162 3208 Si
180 3148 312 3209 mortalis
329 3148 406 3208 idem
429 3168 516 3210 nemo
535 3150 622 3210 sciat!
646 3150 776 3227 Aspice,
801 3156 904 3227 quanta

127 3231 212 3292 Voce
232 3241 340 3309 neget,
362 3251 436 3311 quae
459 3235 495 3293 sit
518 3234 576 3293 licti
599 3235 760 3295 constantia
781 3232 894 3292 vultus:

127 3315 186 3375 Per
207 3315 286 3376 Solis
308 3316 406 3376 radios
430 3317 615 3397 Tarpeiaque
637 3317 755 3378 fulmina
770 3319 845 3376 iurat

127 3396 166 3458 Et
186 3398 287 3458 blartis
308 3400 447 3461 frameam
470 3410 499 3460 et
519 3400 651 3462 Cirrhaei
672 3401 784 3479 spicula
805 3401 898 3475 vatis,
1009 3454 1012 3460 .

127 3477 185 3546 Per
208 3481 336 3543 calamos
355 3486 512 3546 venatricis
535 3483 758 3564 pharetramque
782 3483 910 3563 puellae,
1085 3492 1120 3542 80
1187 3523 1189 3528 .
