2600 4006
521 263 646 310 aarum
667 265 699 311 V.

111 401 235 475 Ostrea,
261 401 387 463 callebat
409 402 708 482 primofldeprendere
731 422 844 474 morsu;

109 484 151 546 Et
173 485 266 544 semel
289 488 401 564 aspecti
426 486 493 547 litus
515 484 634 545 dicebat
653 487 755 548 echini.

111 570 262 646 Surgitur,
287 578 317 629 et
337 572 426 630 misso
447 588 589 648 proceres
611 573 693 630 exire
716 571 849 654 iubentur

112 650 266 728 Consilio,
289 669 363 731 quos
385 653 525 714 Albanam
549 654 606 713 dux
629 673 749 732 magnus
771 657 799 716 in
820 673 918 718 arcem
1048 673 1099 726 nc

112 734 254 795 Traxerat
277 739 413 797 attonitos
441 748 470 797 et
491 739 630 798 festinare
653 748 785 814 coactos,
1167 751 1169 756 ·

112 817 268 898 Tamquam
292 820 329 880 de
351 819 462 880 Chattis
479 821 586 900 aliquid
608 824 757 901 torvisque
770 823 935 898 Sycamhris

111 901 249 962 Dicturus
274 912 417 983 tamquam
439 913 468 964 ot
490 905 612 964 diversis
634 905 763 983 partibus
783 906 862 967 orbis

112 985 206 1045 Anxia
228 989 382 1066 praecipiti
403 991 533 1048 venisset
557 989 681 1067 epistoia
704 991 799 1068 pinna.

156 1067 251 1148 Atque
274 1073 381 1132 utinam
403 1071 447 1131 his
471 1073 568 1150 potius
591 1075 674 1150 nugis
697 1081 757 1132 tota
779 1074 830 1134 ilia
852 1074 981 1137 dedisset
1037 1091 1099 1144 tot

111 1152 257 1231 Tempora
279 1157 434 1232 saevitiae,
458 1156 552 1216 claras
575 1156 678 1235 quibus
700 1156 818 1217 abstulit
841 1159 905 1219 urbi

110 1234 303 1318 Illustresque
324 1241 432 1300 animas
454 1242 569 1318 impune
593 1249 622 1300 et
641 1239 757 1301 vindica
779 1242 875 1303 nullo!

111 1321 171 1380 Sed
194 1323 296 1400 periit,
320 1333 473 1402 postquam
496 1323 670 1384 cerdonibus
695 1342 763 1384 esse
785 1327 926 1392 timendus

112 1401 277 1483 Coeperat:
299 1406 357 1466 hoc
378 1410 476 1467 nocuit
498 1407 665 1468 Lamiarum
680 1408 772 1468 caede
797 1410 929 1470 madenti.

444 1708 675 1824 sarran
710 1761 750 1825 v.

110 1853 149 1947 Si
171 1895 200 1946 te
221 1890 365 1966 propositi
388 1891 511 1951 nondum
532 1892 622 1970 pudet
644 1902 730 1970 atque
753 1893 855 1953 eadem
879 1901 1036 1968 estuans,

109 1973 148 2033 Ut
169 1969 245 2030 hona
267 1990 373 2032 summa
396 1983 481 2052 putes
504 1975 598 2036 aliena
620 1978 719 2044 vivere
742 1977 864 2054 quadra;

109 2058 141 2117 Si
164 2063 249 2132 potes
271 2055 322 2116 iila
345 2059 421 2135 pati,
445 2076 519 2137 quae
541 2077 597 2118 nec
618 2060 784 2119 Sarmentus
807 2061 919 2138 iniquas

109 2137 246 2199 Caesaris
268 2139 303 2198 ad
325 2158 456 2218 mensas,
480 2141 621 2202 rectilis
645 2142 743 2203 Gabba
765 2142 896 2202 tulisset:

109 2223 248 2296 Quamvis
269 2223 364 2283 iurato
386 2235 509 2286 metuam
532 2225 582 2285 tibi
605 2226 728 2286 credere
751 2228 828 2285 testi.
1077 2241 1094 2290 s

109 2305 220 2366 Ventre
241 2306 310 2366 nihil
334 2311 402 2367 novi
424 2309 580 2387 frugalium
606 2311 664 2370 hoc
687 2320 781 2372 tamen
803 2312 896 2388 ipsum

107 2389 265 2449 Deiecisse
286 2399 371 2468 puta,
396 2393 474 2470 quod
497 2395 572 2453 inani
595 2395 702 2454 sufficit
726 2394 807 2455 alvo:

107 2473 195 2532 Nulla
216 2474 334 2550 crepido
358 2486 461 2555 vacat,
491 2495 631 2556 nusquam
653 2495 727 2557 pons
750 2487 780 2538 et
801 2479 907 2554 tegetis
932 2494 1000 2555 pars

108 2555 231 2616 Dimidia
254 2555 392 2617 brevior?
415 2562 523 2620 tantine
542 2563 642 2622 iniuria
665 2579 788 2629 coenae,

109 2639 179 2699 Tam
201 2640 295 2700 ieiuna
317 2642 408 2702 fames
434 2662 520 2723 quum
542 2648 635 2724 possit
656 2646 806 2706 honestius
831 2645 894 2705 iilic
1064 2658 1096 2710 10

108 2723 146 2782 ist
170 2732 297 2784 tremere
322 2735 351 2784 et
372 2727 476 2788 sordes
499 2729 584 2789 farris
606 2731 740 2791 mordere
764 2726 880 2789 caninii

151 2807 245 2866 Primo
269 2808 327 2886 fige
350 2810 434 2887 loco,
459 2812 536 2890 quod
558 2822 587 2873 tu
609 2813 791 2874 discumbere
812 2814 907 2872 iussus

107 2888 275 2951 Mercedem
297 2891 419 2952 solidam
440 2905 572 2955 veterum
595 2898 675 2974 capis
697 2897 869 2956 officiorum.

107 2971 231 3034 Fructus
252 2976 394 3036 amicitiae
418 2996 538 3056 magnae
561 2978 658 3049 cibus;
689 2982 807 3057 imputat
829 2978 905 3038 hunc
922 2996 975 3047 rex
1071 3041 1074 3046 ,

107 3055 146 3116 Et
167 3060 297 3136 quamvis
319 3077 414 3120 rarum
434 3070 529 3122 tamen
550 3064 677 3141 imputat.
721 3063 802 3140 Ergo
827 3061 899 3122 duos
920 3071 989 3139 post
1062 3077 1095 3127 15

107 3141 139 3199 Si
160 3139 243 3201 libuit
266 3160 381 3203 menses
401 3145 567 3223 neglectum
588 3146 725 3206 adhibere
748 3146 893 3222 clientem,

107 3223 207 3285 Tertia
230 3242 268 3285 ne
289 3243 383 3287 vacuo
409 3240 541 3290 cessaret
563 3229 667 3291 culcita
688 3230 782 3291 lecto:
865 3249 869 3258 “

105 3307 169 3366 Una
191 3309 297 3384 simus,
320 3312 368 3371 ait.
412 3311 554 3373 Votorum
575 3315 698 3374 summa!
723 3313 790 3393 quid
812 3313 887 3373 ultra

106 3388 255 3463 Quaeris?
282 3391 370 3455 hahet
392 3394 531 3472 Trebius,
555 3406 676 3476 propter
697 3396 776 3475 quod
795 3414 929 3474 rumpere
951 3413 1078 3456 somnum
1122 3401 1125 3407 '

104 3472 221 3536 Debeat
244 3483 274 3534 et
296 3477 400 3554 ligulas
424 3479 583 3556 dimittere,
607 3479 749 3541 sollicitus
774 3498 812 3539 nc
1058 3491 1094 3544 ‘to
