2626 4006
459 289 584 338 SA'I'IRA
606 291 682 339 VIII.

9 427 10 440 ¹
96 432 292 510 Incertaeque
314 431 374 505 rei,
399 429 529 488 Phalaris
549 428 621 503 licet
644 431 769 508 Imperet
792 439 821 490 ut
843 429 883 490 sis

96 515 200 576 Palsus
225 523 253 574 et
277 514 393 574 admoto
422 511 512 572 dictet
535 513 662 591 periuria
687 524 780 591 tauro,

97 601 244 659 Summum
271 597 362 658 crede
388 596 471 656 nelos
494 599 614 656 animam
641 597 792 674 praeferre
817 596 923 675 pudori

97 682 136 742 Et
160 691 283 760 propter
308 682 395 740 vitam
416 681 533 739 vivendi
555 680 682 757 perdere
706 699 818 741 causas.

97 767 210 844 Dignus
230 774 324 825 morte
348 765 439 842 perit,
464 773 569 824 coenet
592 763 662 824 licet
683 774 782 825 ostrea
806 773 919 825 centurn
1050 774 1087 828 85

99 850 230 910 Gaurana
258 857 287 909 et
315 846 413 908 Cosmi
436 856 498 907 toto
523 858 671 924 mergatur
693 867 777 909 aeno.

97 933 277 1011 Exspectata
305 931 353 992 diu
376 931 490 992 tandem
515 933 665 1011 provincia
687 951 772 1012 quum
794 943 824 993 tc

97 1017 257 1077 Rectorem
282 1017 424 1094 accipiet,
448 1032 525 1094 pone
544 1017 606 1076 irae
630 1016 713 1077 irena
736 1016 920 1096 modumque,

97 1101 177 1160 Pone
204 1109 232 1160 et
255 1100 410 1175 avaritiae,
433 1099 576 1159 miserere
598 1100 715 1178 inopum
738 1102 904 1161 sociorum:

98 1182 174 1244 Ossa
191 1184 275 1243 vides
298 1201 395 1244 rernm
420 1183 521 1242 vacuis
543 1192 663 1243 exsucta
686 1184 830 1244 medullis.
1051 1191 1087 1245 90
1200 1253 1201 1257 Ἰ

97 1267 244 1346 Respice,
270 1267 338 1346 quid
361 1275 496 1327 moneant
518 1266 618 1344 leges,
642 1268 710 1345 quid
734 1269 813 1328 curia
833 1267 960 1343 mandet,

97 1351 229 1411 Praemia
252 1358 357 1429 quanta
380 1350 476 1410 bonos
498 1360 648 1427 maneant,
674 1369 757 1430 quam
777 1350 895 1411 lnlmine
918 1352 993 1411 iusto

97 1433 135 1494 llt
158 1433 262 1513 Capito
291 1442 320 1494 et
343 1433 474 1494 Numitor
496 1435 621 1509 ruerint,
648 1434 798 1509 damnante
821 1443 934 1510 senatu,

97 1519 212 1579 Piratae
240 1516 373 1579 Cilicum.
414 1518 474 1578 Sed
496 1517 565 1596 quid
590 1518 731 1578 damnatio
756 1514 893 1579 confert?
1150 1595 1154 1604 ¹

97 1603 293 1678 Praeconem,
316 1600 502 1680 Gbaerippe,
526 1601 581 1660 tuis
604 1603 797 1680 circumspice
820 1603 933 1680 pannis,
1053 1602 1090 1656 95

99 1685 191 1758 Quum
215 1685 307 1745 Pansa
331 1687 451 1765 eripiat,
479 1685 617 1763 quidquid
640 1685 692 1744 tibi
714 1685 799 1747 Natta
821 1685 949 1764 reliquit,

98 1769 215 1846 lamque
240 1778 320 1838 tace;
343 1770 424 1829 luror
449 1778 494 1829 est
516 1778 584 1847 post
608 1771 702 1829 omnia
725 1771 852 1848 perdere
878 1767 1002 1828 naulum.

97 1851 162 1912 Non
184 1853 261 1912 idem
281 1855 406 1931 gemitus
431 1852 498 1914 olim
523 1871 619 1932 neque
642 1854 744 1913 vulnus
772 1862 834 1914 erat
856 1871 909 1930 par

98 1935 293 2014 baianorum,
319 1938 407 1996 sociis
431 1936 602 1998 docentibus
625 1945 653 1996 et
675 1938 761 1998 modo
785 1938 879 1996 victis.

100 2019 186 2080 Plena
213 2020 315 2080 domus
337 2028 404 2080 tunc
426 2022 533 2097 omnis,
558 2029 588 2079 ct
608 2022 711 2097 ingens
733 2021 827 2081 stabat
849 2036 972 2079 acervos
1038 2030 1088 2080 too

31 2117 35 2124 ·
98 2103 300 2179 Nummorum,
326 2104 467 2182 Spartana
491 2103 637 2180 chlamys,
664 2103 816 2179 conchylia
839 2101 911 2180 Goa,

98 2185 134 2246 llt
158 2205 223 2247 curn
248 2187 392 2248 Parrhasii
414 2187 520 2248 tabulis
545 2189 694 2266 signisque
718 2187 847 2263 Myronis

98 2269 265 2331 Phidiacum
286 2272 404 2331 vivebat
426 2272 516 2348 ebur,
547 2289 602 2331 nec
625 2289 683 2331 non
704 2270 838 2347 Polycliti

98 2353 204 2414 llultns
229 2354 336 2433 ubique
361 2355 460 2424 labor;
485 2373 569 2416 rarae
592 2357 655 2416 sine
675 2355 808 2417 blentorc
831 2372 984 2415 mensae-¹

98 2437 167 2498 lnde
193 2436 370 2499 Dolabellae
393 2448 480 2518 atque
504 2439 571 2499 binc
593 2440 752 2516 Antonius,
777 2440 842 2500 inde
1034 2447 1086 2498 105

98 2520 269 2598 Sacrilegus
293 2522 405 2582 Verres
428 2523 596 2583 referebant
623 2524 743 2584 navibus
765 2524 831 2585 altis

99 2601 221 2664 Occulta
244 2606 338 2683 spolia
362 2615 391 2666 et
412 2607 511 2686 plures
534 2607 571 2667 de
594 2625 669 2686 pace
690 2607 859 2685 triumphos.

98 2686 182 2748 Nunc
204 2689 292 2748 sociis
317 2691 384 2768 iuga
408 2709 500 2769 pauca
521 2691 628 2768 boum,
654 2711 728 2771 grex
751 2709 858 2770 parvus
882 2707 1018 2769 equarum

97 2771 134 2830 Ilt
157 2781 244 2850 pater
269 2775 390 2833 armenti
412 2783 496 2852 capto
520 2777 658 2852 eripiatur
683 2775 794 2853 agello,

98 2853 157 2932 lpsi
184 2856 291 2916 deinde
312 2856 418 2933 Lares,
443 2860 466 2917 si
490 2858 568 2936 qnod
591 2858 756 2937 spectabile
778 2859 900 2934 signum,
1035 2867 1087 2917 110

99 2940 128 2997 Si
157 2941 223 3018 quis
248 2941 277 2999 in
300 2941 432 3001 aedicula
456 2941 527 3001 deus
549 2943 664 3011 unicns;
690 2942 764 3002 baec
789 2941 894 3000 etenim
918 2948 982 2998 snrrt

97 3021 154 3082 Pro
181 3025 317 3098 summis,
339 3042 404 3084 nam
427 3034 492 3085 sunt
515 3025 590 3085 baec
614 3027 746 3086 maxima.
783 3023 939 3101 Despicias
962 3032 991 3083 tn

97 3103 233 3166 Forsitan
254 3106 390 3168 imbelles
412 3108 542 3169 Rhodios
564 3119 736 3187 unctamque
760 3107 936 3168 Corinthon:

97 3187 257 3268 Despiciars
285 3195 405 3261 merito;
430 3193 498 3270 quid
519 3193 646 3254 resinata
667 3194 799 3253 iuventus

99 3269 252 3352 cruraque
276 3276 363 3335 totius
385 3275 493 3337 facient
514 3276 566 3336 tibi
589 3276 668 3338 levia
688 3274 805 3355 gentis?
1036 3287 1088 3340 115

97 3355 224 3417 llorrida
248 3359 363 3420 vitanda
385 3369 430 3419 est
450 3359 605 3440 Hispania,
634 3360 762 3422 Gallicus
783 3361 860 3432 axisv

97 3437 307 3519 illyricumque
331 3443 419 3514 latus;
443 3462 534 3524 parce
556 3453 585 3504 et
607 3445 786 3505 messoribus
808 3444 878 3518 illis,

98 3521 156 3597 Qui
179 3533 308 3585 saturant
329 3526 431 3588 urbem
458 3530 537 3589 circo
561 3546 728 3611 scenaequc
750 3535 912 3588 vacantem.
