2600 4006
226 249 246 310 ‘t
556 262 591 307 u.
609 261 681 309 mu.
701 261 885 309 rovurvsurs

227 402 366 464 Patricios
388 417 488 460 omnes
512 399 617 478 opibus
639 418 724 478 quum
745 409 888 478 provocet
908 419 996 476 unus,

228 484 292 559 Quo
316 483 452 546 tondente
474 484 572 561 gravis
594 485 690 543 iuveni
710 483 778 543 mihi
801 483 891 543 barba
913 485 1050 551 sonabat;
1178 495 1212 546 25

228 566 320 641 Quum
342 585 411 648 pars
432 565 563 627 Niliacae
589 566 702 646 plebis,
730 586 815 646 quum
835 585 926 627 verna
948 565 1059 646 Canopi

228 649 393 730 Crispinus,
416 649 519 725 Tyrias
540 649 660 710 humero
684 659 842 712 revocante
865 650 1016 728 lacernas,

229 733 357 796 Ventilet
378 735 520 795 aestivum
540 733 637 812 digitis
660 731 827 794 sudantibus
850 752 966 809 aurum,

227 818 290 879 Nec
314 818 437 878 sufferre
459 825 546 896 queat
565 819 684 878 maioris
706 817 835 896 pondera
857 834 1004 894 gemmae:

225 903 355 962 Difficile
378 909 424 961 est
444 902 562 961 satiram
580 917 638 960 non
660 901 802 960 scribere.
840 900 912 960 Nam
932 901 995 979 quis
1018 901 1134 979 iniquae
1177 913 1212 966 30
1289 925 1290 954 t

227 985 296 1046 l'am
317 985 431 1064 patiens
450 983 546 1060 urhis,
570 993 627 1044 tam
648 985 778 1060 ferreus,
803 993 831 1044 ut
852 993 951 1046 teneat
972 1002 1021 1061 se,

227 1067 373 1130 causidici
394 1084 471 1128 nova
493 1085 579 1146 quum
600 1069 698 1127 veniat
719 1068 824 1128 lectica
847 1066 988 1128 Mathonis

225 1152 314 1213 Plena
336 1153 417 1232 ipso;
438 1160 506 1230 post
527 1151 603 1211 huno
625 1153 720 1229 magui
743 1152 856 1213 delator
878 1153 961 1211 amici

226 1237 263 1296 Et
284 1237 341 1296 cito
364 1244 498 1315 rapturus
521 1235 557 1295 de
578 1235 728 1295 nobilitate
749 1251 867 1296 comesa

226 1319 310 1394 Quod
328 1327 475 1398 superest,
492 1337 576 1396 quem
588 1317 685 1379 llassa
700 1320 790 1396 timet,
807 1337 892 1399 quem
907 1336 1026 1378 munere
1041 1320 1140 1399 palpat
1177 1330 1211 1384 ³5

226 1401 317 1464 Carus
341 1412 370 1463 et
392 1422 408 1463 a
428 1403 543 1481 trepido
567 1401 707 1478 Thymele
730 1405 881 1463 summissa
900 1402 1014 1470 hatino;

226 1492 319 1562 Quum
340 1495 370 1548 te
393 1495 608 1562 summoveant,
631 1488 680 1564 qui
701 1495 871 1547 testamenta
891 1495 1039 1546 merentur

227 1570 384 1648 Noctibus,
406 1572 436 1630 in
458 1571 573 1630 coelum
596 1586 670 1648 quos
694 1570 791 1630 evehit
813 1573 920 1650 optima
944 1571 1043 1629 summi

226 1653 307 1716 Nunc
327 1656 373 1716 via
393 1671 568 1732 processus,
590 1653 706 1714 vetulae
727 1655 826 1714 vesica
846 1650 971 1716 beatae?

226 1737 377 1798 Uuoiolam
398 1736 568 1797 Proculeius
591 1736 694 1813 babet,
718 1738 771 1798 sed
794 1736 871 1799 Gillo
893 1739 1049 1815 deuncem,
1177 1749 1211 1803 do

224 1821 326 1881 Partes
350 1822 475 1900 quisque
498 1838 582 1894 suas,
606 1821 642 1880 ad
663 1839 826 1881 mensuram
847 1822 972 1899 inguinis
991 1822 1089 1883 heres.

224 1903 359 1982 Accipiat
381 1921 451 1964 saue
473 1903 640 1964 mercedem
661 1907 809 1982 sanguinis
833 1915 862 1965 et
884 1907 927 1966 sic

223 1987 354 2062 Palleat,
378 1997 408 2047 ut
427 1987 510 2048 nudis
533 1990 642 2066 pressit
661 1991 709 2068 qui
732 1989 862 2050 calcibus
885 2006 1024 2068 anguem,

224 2072 282 2131 Aut
303 2070 524 2149 Lugdunensem
546 2071 647 2132 rhetor
668 2073 794 2134 dicturus
817 2074 853 2134 ad
875 2073 967 2134 aram!

225 2155 299 2228 Quid
321 2154 463 2232 referam,
487 2165 593 2235 quanta
614 2157 723 2217 siccum
745 2159 825 2218 iecur
842 2157 943 2218 ardeat
963 2157 1021 2233 ira,
1178 2167 1210 2220 rt

224 2238 317 2312 Quum
333 2240 472 2317 populum
492 2240 633 2316 gregibus
655 2243 789 2301 comitum
811 2242 915 2320 premit
935 2241 982 2302 hic
1005 2239 1148 2320 spoliator

223 2321 328 2400 Pupilli
351 2324 523 2401 prostantis,
548 2331 577 2382 et
598 2323 647 2383 bic
669 2324 816 2385 damnatus
837 2325 913 2384 inani

222 2405 333 2465 Iudicio
356 2405 441 2484 (quid
464 2406 539 2464 enim
560 2406 649 2466 salvis
672 2406 786 2467 infamia
808 2408 926 2467 nummis
934 2405 963 2488 i)

222 2486 298 2548 Exul
330 2489 366 2548 ab
395 2497 499 2548 octava
520 2486 627 2549 llarius
646 2489 718 2550 bibit
740 2499 770 2550 et
790 2491 892 2551 fruitur
914 2491 958 2570 dis

222 2571 320 2632 lratis:
344 2580 372 2631 at
392 2580 422 2631 tu
441 2572 546 2632 victrix
568 2574 718 2650 provincia
739 2574 854 2652 ploras!
1178 2589 1212 2640 50

221 2654 302 2715 Haec
324 2671 381 2732 ego
404 2671 463 2714 non
481 2655 598 2715 credam
618 2656 765 2718 Venusina
785 2658 871 2736 digna
888 2656 1029 2719 lucerua?

221 2737 303 2798 llaec
324 2755 382 2816 ego
404 2755 462 2798 nou
482 2737 611 2817 agitem?
634 2741 687 2802 sed
706 2742 773 2821 quid
794 2746 887 2820 magis
907 2742 1076 2820 Heracleas,

222 2821 279 2881 Aut
300 2821 495 2899 Diomedeas,
520 2832 567 2884 aut
581 2827 726 2902 mugitum
759 2827 913 2902 labyrinthi

221 2905 359 2966 litmaro
381 2924 553 2986 percussum
574 2926 667 2988 puero
687 2909 857 2990 labrumque
878 2911 1040 2987 volantem,

222 2989 315 3064 Quum
337 2989 406 3051 leno
426 2992 551 3071 accipiat
571 2993 687 3055 moechi
708 2993 800 3071 hona,
822 2997 846 3054 si
869 2995 1001 3073 capiendi
1177 3005 1212 3058 55

220 3073 268 3132 lus
291 3073 400 3135 nullum
423 3078 522 3152 uxori,
546 3077 649 3138 doctus
673 3087 810 3157 spectare
834 3078 968 3154 lacunar,

219 3157 333 3217 Doctus
354 3159 441 3220 etad
463 3160 585 3221 calicem
608 3161 738 3240 vigilanti
760 3169 887 3222 stertere
906 3179 993 3229 naso;

220 3239 314 3314 Quum
336 3241 380 3302 las
401 3260 469 3304 esse
489 3253 572 3323 putet
593 3263 690 3305 curam
711 3262 832 3323 sperare
855 3245 1001 3322 cohortis,

220 3323 276 3398 Qui
298 3325 375 3386 bona
398 3327 517 3388 donavit
538 3328 731 3406 praesepibus
753 3336 784 3388 et
805 3339 886 3389 caret
906 3330 982 3389 omui

218 3406 358 3470 blaiorum
381 3429 488 3487 censu,
513 3411 578 3471 dum
601 3411 737 3490 pervolat
759 3429 814 3473 axe
836 3414 923 3473 citato
1177 3421 1214 3476 60

218 3490 384 3553 Flaminiam
405 3512 479 3572 puer
500 3493 698 3563 Automedon;
718 3512 782 3556 nam
804 3495 866 3557 lora
887 3495 1005 3556 tenebat
