2626 4006
350 1047 735 1119 SULPICIAE
778 1044 1049 1112 SATIRA.

622 1227 779 1238 ..α-.-

206 1393 304 1467 llusa,
321 1390 425 1471 quibus
439 1391 564 1451 numeris
580 1389 686 1449 heroas
702 1396 730 1446 et
748 1401 825 1445 arma
840 1385 1025 1464 frequentas,

206 1475 357 1538 Fabellam
372 1476 507 1553 permitto
522 1474 590 1534 mihi
604 1473 746 1534 detexere
763 1470 874 1548 paucis.

206 1560 278 1620 Nam
293 1558 344 1620 tibi
361 1559 489 1635 secessi,
506 1567 601 1618 tecum
616 1553 768 1635 penetrale
783 1561 944 1614 retractans

205 1642 381 1712 Consilium
408 1660 498 1721 quaro
513 1659 568 1702 nec
585 1641 710 1701 carmine
726 1654 811 1698 curro
826 1637 971 1698 Phalaeco

207 1727 271 1788 Nec
289 1728 419 1786 trimetro
435 1725 531 1785 iambo
547 1742 603 1785 nec
621 1725 669 1803 qui
685 1722 762 1802 pede
779 1721 888 1782 fractus
904 1720 1008 1782 eodem

206 1809 334 1870 Fortiter
350 1810 437 1869 irasci
451 1809 551 1869 didicit
566 1808 640 1868 duce
656 1805 852 1867 Clazomenio.

205 1891 314 1953 Cetera
331 1893 397 1971 quin
415 1893 515 1968 etiam,
532 1900 603 1970 quot
618 1890 742 1969 denique
757 1889 835 1950 milia
861 1888 917 1949 lusi

208 1977 360 2054 Primaque
374 1975 519 2037 Romanas
534 1975 620 2035 docui
635 1975 815 2036 contendere
833 1972 926 2034 Graiis

208 2059 244 2122 Et
260 2059 367 2120 salibus
382 2061 496 2121 variare
511 2060 611 2137 novis,
635 2067 802 2120 constanter
816 2059 932 2134 omino,

206 2143 319 2221 Teque,
336 2143 439 2224 quibus
455 2145 593 2223 princeps
609 2151 640 2203 et
656 2142 860 2203 facundissima
877 2141 987 2220 calles,

207 2226 391 2304 Aggredior:
414 2227 553 2307 precibus
569 2227 718 2287 descende
734 2226 849 2286 clientis
867 2235 896 2285 et
911 2226 985 2286 audi.

249 2310 305 2370 Dic
319 2312 403 2387 mihi,
421 2309 571 2390 Calliope,
588 2312 721 2388 quidnam
736 2318 820 2389 pater
834 2308 884 2370 ille
901 2310 1021 2370 deorum

208 2393 346 2471 Cogitat?
373 2413 409 2454 an
423 2404 516 2454 terras
536 2403 565 2454 et
581 2397 673 2472 patria
689 2393 789 2455 secula
804 2402 910 2469 mutat,

209 2476 346 2556 Quasque
362 2478 442 2538 dedit
459 2479 619 2556 quondam,
634 2477 822 2538 morientibus
840 2477 927 2556 eripit
942 2486 1040 2556 artes,

206 2559 327 2639 Nosque
344 2560 424 2621 iubet
439 2563 544 2622 tacitos
560 2571 590 2621 et
604 2563 659 2622 iam
674 2562 793 2623 rationis
809 2578 922 2638 egenos

207 2642 273 2702 Non
290 2643 390 2721 aliter,
408 2646 502 2722 primo
518 2663 603 2724 qnam
618 2664 704 2724 quum
719 2645 895 2705 surreximus
912 2663 1004 2722 aevo,

207 2725 367 2787 blandinus
383 2737 413 2789 et
430 2746 520 2807 purae
535 2748 634 2789 rursus
650 2729 843 2809 procumbere
859 2725 1017 2808 lymphae?

207 2811 253 2870 An
268 2811 397 2890 reliquas
415 2819 512 2873 terras
530 2823 685 2874 conservat
700 2813 808 2873 amicus
824 2821 854 2872 et
868 2812 971 2890 nrbes,

208 2894 268 2955 Sed
285 2913 378 2972 genus
393 2896 553 2957 Ausonium
569 2896 741 2977 Romulique
757 2896 891 2956 exturbat
905 2893 1057 2958 alumnos?

208 2976 304 3051 Quid?
322 2988 490 3058 reputemus
506 2983 598 3041 enim:
617 2980 673 3041 duo
689 2989 771 3056 sunt,
787 2979 889 3058 quibus
908 2980 1011 3041 extulit
1025 2979 1128 3056 ingens
1162 2989 1197 3040 20
1238 3018 1242 3034 1

208 3061 300 3122 Roma
318 3073 420 3141 caput:
437 3065 529 3124 virtus
543 3064 615 3125 belli
631 3073 660 3124 et
675 3064 815 3142 sapientia
831 3065 923 3142 pacis.

207 3144 267 3204 Sed
282 3145 389 3222 virtus,
405 3148 513 3223 agitata
528 3149 604 3209 domi
620 3157 649 3208 ot
664 3147 821 3208 socialibus
838 3148 940 3224 armis,

207 3226 240 3287 ln
254 3228 330 3289 freta
346 3230 479 3290 Sicaniae
498 3240 526 3291 et
544 3230 726 3309 Carthaginis
741 3233 812 3291 exiit
827 3248 912 3291 arces

209 3310 376 3392 Ceteraque
392 3315 513 3394 imperia
529 3324 559 3376 et
574 3324 664 3374 totum
679 3315 763 3375 simul
777 3313 896 3375 abstulit
914 3313 1035 3383 orbem;
1071 3374 1074 3378 .

208 3394 338 3472 Deinde,
354 3398 435 3458 velut
451 3397 544 3457 stadio
561 3399 656 3457 victor
671 3401 720 3478 qni
739 3398 820 3458 solus
835 3398 957 3458 Achaeo
1163 3403 1198 3458 25

209 3475 338 3555 Languet
355 3489 384 3538 et
398 3481 513 3540 immota
529 3498 629 3541 secum
645 3482 749 3542 virtute
765 3481 888 3559 fatiscit,
