2600 4006
216 239 267 286 xm
596 232 802 282 PRAEFATIO·

215 381 302 437 uenalis
314 381 398 451 poesin
408 379 472 435 idem
482 377 614 443 conveniat
626 378 690 450 quod
701 375 784 434 Odofr.
796 377 910 433 lidllems
922 376 947 431 in
958 377 1019 432 Hist.
1032 374 1095 431 liter.
1108 389 1191 448 graec.

213 465 241 522 Τ.
253 466 273 534 l,
287 480 309 536 p.
324 464 376 522 att
392 465 416 519 in
427 461 563 519 Archilochi
579 460 683 516 dictione
695 461 835 517 Homericae
851 462 887 516 sic
898 461 1017 532 opposuit,
1029 467 1056 514 ut
1066 459 1128 514 hanc
1140 459 1191 530 ple
1255 484 1262 490 r

213 564 286 621 raque
296 549 403 618 epitheta
414 547 444 602 ad
454 546 533 602 solum
545 552 655 601 ornatum
666 546 763 611 referre,
775 546 842 602 illum
854 545 933 601 omnia
944 545 968 599 iu
978 559 1029 599 rem
1040 549 1191 614 praesentem

212 632 316 705 dirigere
327 631 537 692 animadverterem
548 629 596 685 hoe
605 630 688 702 utique
697 631 807 700 exemplo
817 630 888 685 etiarn
899 627 1023 694 luvenalis,
1033 628 1191 684 liceteeterc·

211 717 269 789 quin
279 717 412 789 Vergilium
423 715 499 770 multo
510 713 589 785 magis
605 729 676 786 quam
693 728 861 786 quemcunque
876 713 949 767 alium
967 719 1064 784 poetam
1075 718 1188 778 sectetur,

212 807 292 855 mmeu
309 800 354 855 hac
370 814 397 854 re
413 799 441 854 ab
461 799 525 854 illius
536 797 662 868 omnisque
677 798 760 867 epicae
775 798 854 869 poesis
864 796 1190 868 eonsuetudinelougissime

211 885 316 948 recedit,
335 883 399 955 quod
415 883 506 938 nullam
523 881 593 936 facile
615 881 728 936 orationis
745 888 837 951 partem
855 880 959 935 otiosam
975 894 1073 935 manere
1090 881 1187 950 patitur,

182 1033 184 1038 Ι
209 967 253 1024 sed
264 983 333 1022 suam
339 964 546 1036 cuiquerocabulo
553 965 685 1032 vimsuum
692 979 791 1020 acumen
799 965 832 1020 ita
838 963 983 1034 impertit,ut
993 964 1121 1034 qnaeapud
1130 963 1189 1019 alios

210 1049 656 1120 scriptoresconiunctademumnnam
667 1048 928 1115 sententiameffieiant,
936 1047 999 1118 apud
1005 1047 1069 1102 hunc
1079 1062 1187 1103 commu·

210 1149 266 1188 nem
277 1133 388 1189 omuibus
398 1133 541 1188 senteutiam
552 1137 588 1186 tot
599 1132 744 1204 imaginibus
761 1139 820 1204 quot
833 1132 904 1188 uerba
915 1130 1001 1186 habeat
1017 1132 1186 1202 multiplicent.

208 1216 258 1273 Sed
269 1216 329 1272 haec
340 1217 479 1289 singulatim
490 1216 607 1286 expiscari
617 1217 753 1286 interpretis
770 1216 877 1272 officium
888 1222 939 1282 est,
956 1231 1002 1271 uec
1012 1215 1099 1270 desunt
1109 1217 1150 1288 qni
1161 1215 1185 1275 io

210 1301 388 1356 commentariis
403 1301 454 1356 suis
465 1301 536 1356 docte
547 1306 571 1354 et
587 1306 657 1354 acute
668 1301 857 1362 enucleavermt;
875 1299 944 1354 nobis
955 1299 1027 1354 etiam
1038 1299 1116 1371 magis
1127 1299 1185 1359 illud

208 1385 342 1440 cavendum
353 1398 406 1440 esse
415 1385 521 1449 videtur,
535 1399 565 1439 ne
575 1384 673 1438 nimiam
683 1399 727 1455 per
736 1385 892 1440 subtilitatem
912 1384 966 1454 plus
976 1389 1062 1454 poetae
1073 1383 1184 1439 obtruda-

209 1475 255 1535 tur,
273 1484 345 1540 quam
356 1483 412 1526 eum
422 1469 502 1524 dicere
511 1468 616 1524 voluisse
625 1483 656 1522 eu
667 1469 778 1524 universo
789 1469 837 1524 loci
853 1473 996 1540 argumento
1010 1482 1114 1539 cumque
1129 1467 1184 1522 reli·

209 1554 261 1624 quis
270 1568 334 1607 nexu
344 1553 460 1623 prodeam
471 1553 537 1609 hune
547 1553 622 1624 igitur
632 1559 660 1607 ut
670 1551 1029 1624 lectoreepriusquamsiogula
1039 1551 1183 1623 aggredian-

209 1721 285 1790 primo
297 1720 465 1775 accedentibus
473 1720 534 1775 scitu
547 1734 608 1790 opus
619 1734 671 1774 esse
681 1720 798 1789 videntur,
807 1720 890 1791 paucis
900 1719 941 1774 hie
951 1719 1182 1789 comprehendimus

209 1802 239 1856 lit
247 1803 321 1874 prr‘ne'
331 1803 426 1875 quidem
437 1803 492 1858 libri
502 1804 574 1858 satira
579 1803 673 1875 priora,
685 1818 756 1875 quam
767 1811 823 1874 post
833 1819 855 1860 a.
869 1808 920 1862 10⁰
930 1804 1044 1873 scriptam
1053 1819 1105 1859 esse
1116 1804 1183 1860 ilarii

209 1886 283 1942 Prisci
294 1887 383 1942 mentio
394 1887 479 1953 docet,
491 1887 569 1958 ipsum
579 1887 706 1942 satirarum
715 1888 894 1943 scribendamm
905 1887 1044 1953 consilium¹
1055 1894 1183 1960 postquam

208 1969 293 2025 eodem
304 1985 361 2026 cum
371 1971 468 2042 relitpris
478 1972 558 2042 poesis
567 1971 697 2042 generibus
713 1973 765 2026 iure
775 1972 811 2027 nti
827 1971 905 2042 lepide
917 1971 987 2026 euicit
1000 1971 1037 2038 (r.
1053 1975 1181 2042 1—18),

207 2054 300 2110 duabus
310 2055 413 2109 maxime
425 2056 502 2110 causis
512 2055 631 2111 defendit:
643 2057 747 2126 primum
757 2057 811 2127 quia
822 2055 847 2110 in
857 2061 923 2111 tanta
933 2054 1045 2110 vitiorum
1056 2056 1182 2112 atrocitate

206 2138 339 2211 indignatio
350 2153 423 2211 aegre
433 2140 583 2195 contineatur
598 2139 780 2210 (1.19-80),
797 2139 882 2195 deinde
893 2138 948 2210 quia
958 2139 1051 2194 nullum
1062 2139 1181 2198 scribendi

206 2236 284 2294 genus
298 2239 363 2278 nune
373 2224 513 2294 ampliorem
524 2223 648 2278 materiam
658 2223 760 2278 inueniat
772 2223 809 2290 (v.
821 2225 853 2278 81
865 2226 989 2292 —1co);
1007 2230 1128 2292 postremo
1140 2239 1182 2278 ue·

205 2306 240 2362 lut
257 2306 423 2377 interpellante
437 2307 561 2376 prudentia
576 2307 674 2360 callidae
690 2306 807 2360 cautionis
823 2310 1038 2374 temperamentum
1053 2306 1182 2375 pollicetur

205 2389 240 2456 (v.
254 2395 304 2448 151
314 2419 350 2428 —
360 2390 432 2456 171).
464 2387 574 2444 &made
585 2389 655 2441 satira
667 2403 716 2442 non
728 2387 863 2459 hypocritas
873 2393 975 2452 tantum,
985 2393 1013 2440 ut
1023 2388 1048 2442 iu
1058 2389 1181 2446 veteribus

203 2472 346 2527 editionibus
363 2479 411 2535 est,
427 2473 465 2526 vel
484 2470 640 2541 philosophos
660 2471 792 2537 obscenos,
809 2470 853 2526 sed
872 2470 901 2524 ab
916 2469 954 2524 his
970 2471 1043 2526 modo
1062 2473 1180 2543 principio

203 2555 277 2609 ducto
289 2557 324 2622 (v.
337 2559 350 2609 1
361 2583 396 2593 -—
408 2557 454 2624 35)
466 2569 562 2610 omnem
573 2554 673 2608 masculi
683 2555 779 2626 generis
790 2554 961 2624 turpitudinem
971 2561 996 2609 et
1008 2556 1133 2611 mollitiem
1146 2558 1179 2613 ita

202 2638 339 2700 insectatur.
351 2645 378 2693 ut
389 2639 491 2707 primum
497 2638 622 2693 baroniam
633 2638 758 2693 moecham
768 2638 792 2692 iu
802 2653 896 2694 mamm
903 2639 1038 2710 voluptates
1049 2641 1113 2696 omni
1125 2656 1179 2696 mo·

202 2720 270 2776 liebri
287 2721 384 2776 libidine
400 2721 519 2777 foediores
530 2738 579 2777 non
588 2721 684 2776 inficeto
695 2722 868 2778 declamantem
877 2723 975 2779 inducat
987 2725 1020 2793 (r.
1032 2723 1177 2795 36-63),

202 2811 317 2860 tumrero
328 2820 359 2860 ne
369 2805 483 2862 honestos
490 2806 586 2877 quidem
596 2805 704 2861 homines
709 2807 831 2862 eonrmuui
842 2807 895 2862 labe
905 2806 1023 2862 abstinere
1028 2808 1178 2879 vestiumque

158 2945 160 2950 ,
201 2889 320 2944 indecoris
336 2889 426 2944 deliciis
436 2891 502 2946 uelut
517 2891 580 2946 u'am
590 2890 620 2945 ad
633 2891 723 2947 rumora
740 2891 831 2964 flagitia
844 2892 935 2961 aperire
945 2898 1031 2964 arguat
1042 2891 1078 2958 (v.
1092 2896 1127 2951 to
1137 2920 1175 2932 -

201 2975 260 3039 82).
277 2989 379 3045 quorum
396 2975 508 3045 deinceps
523 2975 619 3048 singula
630 2976 738 3045 excnrpla
753 2976 792 3032 vel
802 2991 832 3030 ex
842 2975 943 3031 uelanda
954 2975 1106 3030 muliebrium
1116 2975 1178 3032 ceri·

201 3057 336 3110 monianum
352 3059 485 3113 imitatione
496 3058 532 3125 (r.
543 3062 622 3118 83—
633 3062 697 3126 142)
709 3060 746 3114 rel
763 3073 794 3114 eu
810 3059 908 3114 ludicris
924 3060 1041 3116 maiorum
1058 3060 1177 3132 gravitate

201 3139 622 3216 indignis(v.143-158)petita
639 3149 743 3208 enarrat,
762 3143 994 3216 lortissimonrmque
1011 3145 1116 3199 viromm
1132 3159 1176 3215 po-

200 3230 279 3278 steros
290 3222 319 3278 ab
331 3223 401 3293 ipsis,
413 3225 499 3296 quibus
509 3225 634 3295 imperent,
650 3227 756 3283 barbaris
765 3242 861 3283 morum
872 3228 990 3298 probitate
999 3227 1106 3298 superari
1116 3243 1175 3298 que-

200 3307 261 3362 ritur
271 3309 306 3374 (u.
322 3310 373 3365 159
382 3335 418 3346 ·-
429 3309 500 3376 rto).
523 3309 614 3365 Tertiae
624 3311 710 3365 satirae
725 3311 827 3382 plurima
837 3327 892 3382 pars
901 3312 926 3366 in
939 3311 1054 3367 Umbrieii
1064 3311 1176 3384 (puerellis

200 3396 314 3453 uersatur,
329 3391 397 3446 cuius
407 3392 452 3447 sub
462 3408 571 3463 persona,
584 3395 642 3449 dum
652 3394 730 3450 Roma
741 3394 823 3451 relicta
829 3394 918 3450 Cumas
926 3395 1096 3468 transmigrare
1108 3400 1175 3465 parat

200 3473 237 3542 (r.
249 3477 374 3544 1-28),
387 3483 457 3547 poeta
468 3477 572 3532 urbanae
582 3479 644 3532 vitae
655 3479 807 3535 incommoda
817 3479 985 3552 quadripertita
1002 3479 1109 3534 oratione
1119 3493 1174 3550 per·

200 3559 319 3631 requitur:
338 3560 441 3632 primum
456 3561 511 3633 quia
522 3561 628 3617 honestis
644 3562 734 3617 artibus
743 3562 823 3618 nullm
837 3563 885 3619 iam
896 3563 964 3618 locus
980 3563 1078 3619 relicuus
1092 3562 1125 3620 sit
1134 3561 1173 3630 (r.

1278 3775 1284 3983 l
