2600 4006
217 230 304 279 xxvt
432 185 435 190 Ι
603 217 810 272 PRAEFATIO.

217 371 386 428 munditiarum
402 371 496 426 ilianum
507 369 598 424 fruetus
609 370 742 439 perueniat,
758 374 899 440 tantumque
909 367 977 424 abest
989 376 1016 425 ut
1026 369 1113 425 borum
1124 382 1191 426 men·

215 457 252 510 tio
268 455 372 525 priorem
387 454 468 509 Iocum
484 452 590 524 flagitet,
607 458 634 507 ut
652 453 697 508 nisi
715 453 860 523 antegressis
875 451 998 517 sordibus,
1016 467 1064 525 quo
1074 451 1191 508 tonnam

216 544 322 609 spectet,
339 538 436 593 omniuo
454 553 502 592 noo
520 536 647 608 intelligas.
663 563 698 575 -
717 534 744 590 V.
758 539 808 594 585
826 535 924 606 optione
939 535 993 591 data
1011 533 1190 592 utrumdaduur

216 621 341 678 Pithoeaui
357 622 381 676 iu
397 620 464 676 dabit
480 636 509 674 au
522 619 578 674 iude
594 621 618 674 iu
628 617 703 674 Indos
714 624 845 685 mutarem,
864 633 919 674 eum
930 619 1050 691 plerisque
1060 618 1191 674 editoribus

216 705 373 776 posteriorem
389 706 507 760 rationem
523 703 585 758 Itane
595 702 699 758 maxine
709 702 741 757 ob
751 717 847 758 eausam
858 703 973 772 praetuli,
989 704 1045 774 quia
1055 702 1192 774 astrologis

212 804 311 861 quoque
321 788 409 859 ahquid
420 787 518 858 epitheti
528 787 640 858 postulat,
652 786 716 857 quod
726 786 800 855 ipsius
806 801 862 841 oum
872 786 985 841 diuitibus
992 785 1192 841 necessitudinem

215 873 329 929 declaret.
361 871 469 936 Iahnius,
482 870 544 941 apud
560 885 631 941 quem
647 869 730 942 Phryx
745 885 823 941 mepta
838 876 860 924 et
877 870 934 925 inde
950 870 1077 926 5555155155
1093 869 1190 941 legitur,

214 962 334 1011 ¹ontmuuu
344 956 470 1028 mundone
475 955 553 1024 perito
564 952 726 1023 promiscuum
736 958 830 1008 mutum
841 960 966 1025 quaestum
978 953 1086 1026 reliqum
1099 961 1123 1008 at
1134 953 1192 1008 mihi

215 1039 281 1094 hune
291 1039 371 1108 potius
384 1038 496 1108 opulenta
505 1037 591 1092 mulier
601 1043 666 1092 oerta
682 1037 779 1091 merede
794 1035 840 1091 sibi
857 1037 988 1109 adiungere
998 1038 1105 1102 ridetur,
1118 1053 1192 1107 qurum

216 1122 319 1194 Phrygis
330 1127 355 1176 et
365 1122 417 1176 Indi
428 1121 627 1176 consultationem
641 1121 688 1175 iam
705 1119 863 1192 peregrinitas
879 1127 903 1174 et
914 1126 1006 1176 remota
1017 1121 1091 1192 patria
1101 1121 1191 1190 pretio-

215 1206 304 1261 siorem
316 1205 394 1261 faeiat.
413 1235 456 1244 —
472 1203 501 1257 V.
514 1207 564 1262 589
581 1204 727 1274 praeclaram
737 1203 850 1276 Madvigii
867 1205 1029 1259 coniecturam
1040 1220 1132 1260 mnsam
1147 1219 1191 1274 pro

214 1305 301 1344 matum
312 1289 428 1344 asciscere
437 1303 485 1343 uon
497 1288 616 1352 dubitavi,
634 1289 673 1342 oui
688 1302 826 1359 repugnans
837 1287 967 1342 Teuffebus
984 1287 1086 1343 inlabu.
1106 1287 1190 1342 huual.

216 1373 244 1428 Τ.
254 1371 336 1437 XLIII,
353 1387 377 1442 p.
391 1377 441 1430 123
453 1387 501 1426 nou
518 1371 682 1426 animaduertit
693 1372 764 1427 diam
779 1371 853 1427 nullis
868 1371 919 1426 sola
930 1370 1040 1426 Salmasii
1051 1376 1076 1426 et
1087 1371 1192 1438 quenoii

213 1456 353 1510 eonieotura
364 1455 421 1520 niti:
438 1456 488 1525 ipse
499 1471 554 1510 vero
566 1469 623 1510 mox
639 1470 662 1510 v.
675 1458 726 1514 603
742 1455 851 1526 decerpto
867 1469 910 1525 pro
930 1454 1025 1528 decepto
1042 1455 1191 1525 periclitatus

214 1554 283 1604 sum,
301 1554 348 1610 qtio
360 1540 423 1593 iaeto
435 1540 505 1593 etiam
518 1539 610 1594 facilius
620 1545 688 1612 atquo
698 1554 741 1609 pro
754 1555 825 1610 saepe
836 1539 930 1593 retineri
946 1544 1047 1608 poterat.
1078 1537 1140 1594 Nam
1151 1539 1192 1610 qui

214 1623 310 1694 decepto
326 1623 398 1694 legit,
415 1637 501 1678 novam
520 1622 618 1693 prendi
628 1622 750 1677 notionem
761 1622 833 1676 etiam
844 1621 947 1678 adverbii
961 1622 1111 1677 iterationem
1122 1622 1192 1694 flagi·
1294 1661 1295 1676 i

215 1712 267 1760 tare
275 1711 357 1775 putet;
371 1713 395 1759 at
404 1706 566 1776 supponendis
576 1706 656 1776 pueris
666 1713 721 1761 vota
732 1721 780 1761 non
791 1705 863 1761 modo
874 1698 1086 1777 nondeeipiuu'tur,
1093 1706 1136 1761 sed
1147 1707 1191 1760 im·
1294 1699 1295 1728 ³

214 1788 310 1859 plentur
321 1794 345 1843 et
354 1789 441 1860 gaudia
452 1789 559 1860 quamtus
566 1789 630 1842 irritu
643 1794 766 1864 meantum
777 1788 890 1844 substitui
900 1789 988 1861 igitur,
1008 1805 1055 1861 quo
1067 1790 1135 1859 pueri
1146 1790 1192 1860 ipsi
1294 1793 1295 1804 ¹

190 1929 193 1936 ,
216 1870 429 1930 manutersit.
449 1875 482 1929 35
500 1887 558 1943 apos
571 1888 651 1927 moero
661 1879 789 1933 vocentur.
807 1887 854 1926 nee
871 1873 954 1928 dubito
967 1874 1023 1944 quin
1042 1872 1192 1943 suppositieb

216 1955 310 2027 decerpi
320 1955 353 2010 od
363 1971 461 2026 spurcos
470 1955 536 2010 ionas
547 1956 631 2011 eodem
642 1955 694 2010 iure
704 1957 807 2027 possiut,
825 1972 872 2028 quo
883 1971 955 2026 supra
965 1972 989 2012 v.
1001 1960 1034 2015 61
1048 1955 1150 2012 feminae
1161 1971 1189 2012 er

217 2039 348 2110 porticibus
359 2041 470 2094 eunoisve
480 2040 576 2112 eecmpi
585 2039 731 2095 dicebantur.

300 2122 401 2178 Liblil.
414 2122 464 2178 Sat.
472 2123 522 2180 VII.
533 2141 555 2178 v.
569 2127 608 2180 14.
623 2130 654 2182 15
667 2124 759 2179 adeam
770 2124 871 2179 formam
882 2123 972 2195 redegi
985 2139 1057 2195 quam
1066 2124 1097 2179 de
1107 2123 1189 2180 Codie

215 2207 296 2262 iuven.
317 2223 341 2278 p.
355 2211 388 2264 19
404 2208 534 2277 proposui,
553 2214 579 2262 ut
588 2206 688 2280 Bithyni
704 2214 728 2262 et
738 2206 826 2263 dmoni
840 2208 909 2262 Iooos
924 2214 1088 2277 permutarent
1098 2213 1123 2262 et
1137 2215 1189 2263 aute

215 2307 353 2365 menapum
369 2306 463 2346 oomma
480 2291 616 2358 tolleretur,
634 2291 833 2362 quemadmodum
844 2291 884 2344 vt.
898 2292 948 2348 198
963 2291 1035 2346 simili
1046 2291 1071 2347 in
1082 2298 1189 2347 eonstm·

214 2375 296 2429 etione
307 2374 356 2429 heri
368 2374 490 2437 videnum
501 2373 549 2428 hoo
560 2380 639 2428 autem
651 2374 714 2428 iacto
730 2389 761 2428 ne
777 2390 800 2430 v.
813 2379 846 2430 15
858 2372 1007 2446 e.Pinzgero
1018 2381 1044 2429 et
1054 2374 1190 2430 Heinriehio

215 2463 313 2527 propter
330 2456 514 2511 enumerationis
529 2456 676 2512 nimietatem
694 2457 847 2521 damnemus,
865 2457 1001 2527 prohibebit
1016 2459 1067 2514 XV.
1079 2456 1191 2527 115551

218 2556 266 2595 non
284 2540 362 2595 minor
371 2535 496 2595 nationum
509 2554 622 2594 uumerus
632 2541 721 2612 insigni
737 2555 793 2596 eum
810 2541 834 2595 ui
845 2541 987 2597 cumulatur.
1002 2569 1038 2582 -
1051 2542 1079 2595 V.
1091 2545 1126 2600 23
1139 2531 1197 2596 orn'

215 2640 270 2677 5555
282 2664 302 2678 ..
312 2667 318 2678 .
330 2621 427 2677 tutellae
437 2624 474 2677 vel
485 2622 670 2678 inuitisPitboeo
687 2631 711 2678 et
722 2625 803 2680 Iahuio
818 2626 935 2690 revocavi,
947 2626 1002 2697 quia
1013 2624 1150 2681 membrana
1161 2625 1192 2680 ad

214 2705 342 2770 tabellam,
358 2722 406 2760 uon
422 2705 482 2760 haee
499 2707 529 2762 ad
545 2695 610 2761 iliam
627 2708 729 2777 pertinet
747 2709 838 2779 ipsique
848 2709 944 2764 ablativi
954 2726 1036 2764 noceo
1098 2707 1190 2774 tudella,

216 2804 277 2860 quos
288 2787 350 2845 Pith.
362 2788 471 2856 exhibet,
490 2791 599 2861 autiquae
611 2792 745 2847 confusioni
757 2793 875 2864 originem
889 2792 976 2848 debere
986 2792 1108 2857 videntur.
1122 2792 1192 2848 ouius

215 2870 296 2928 Sobol.
308 2873 380 2928 lentio
392 2890 472 2928 moneo
484 2915 490 2928 .
501 2915 519 2930 ..
538 2872 634 2930 tabellae
654 2875 756 2947 uestigia
774 2876 868 2946 prodit,
885 2891 1029 2949 quamquam
1043 2875 1091 2931 iam
1106 2876 1192 2946 optimi

215 2957 306 3012 eodieis
316 2958 420 3012 secunda
431 2973 515 3012 manus
529 2973 622 3013 croceae
633 2960 775 3032 corrigendo
784 2960 876 3014 inviam
887 2961 963 3016 rediit.
975 2987 1012 3000 -
1024 2959 1092 3018 han
1102 2966 1128 3014 ta
1138 2975 1192 3016 mea

214 3040 307 3094 medela
326 3047 377 3106 est,
396 3057 442 3112 qua
459 3042 543 3097 melior
559 3043 640 3098 sensui
651 3042 728 3098 afferri
739 3043 779 3098 vix
792 3044 884 3112 potuit:
901 3042 931 3098 de
941 3059 1001 3098 voee
1013 3043 1192 3099 iamveteribus

214 3137 264 3178 nou
275 3123 410 3178 constitisse
421 3124 535 3180 librorum
547 3126 673 3181 varietates
691 3126 819 3181 ost-endunt
830 3132 867 3189 ot,
879 3133 933 3194 aaa,
946 3144 987 3192 oo,
999 3141 1060 3199 quae
1069 3127 1191 3199 quomodo
1291 3167 1292 3170 ,

214 3220 246 3261 ex
263 3206 364 3275 simplici
375 3206 499 3263 Pithoeani
515 3217 537 3264 et
552 3210 607 3264 orbi
624 3210 758 3278 potuerint,
777 3223 850 3280 aegre
860 3210 996 3282 intelligasa
1013 3218 1055 3266 aaa
1065 3217 1090 3266 et
1100 3216 1191 3266 tovero

215 3289 287 3344 etiam
293 3290 413 3348 tutam
419 3293 517 3348 confusa
528 3308 580 3348 esse
591 3293 707 3348 videntur.
719 3292 797 3348 Neov.
805 3295 839 3349 48
847 3293 917 3347 unius
927 3294 1010 3348 literae
1020 3309 1108 3360 rasura,
1120 3309 1193 3365 pram

213 3388 245 3429 ex
255 3372 316 3428 Pith.
329 3374 423 3430 Iahnius
433 3377 552 3440 enotavit,
566 3376 589 3430 id
602 3377 664 3444 apud
673 3391 712 3429 me
722 3375 816 3445 pondus
824 3374 921 3441 babuit,
933 3384 961 3432 ut
971 3377 1093 3452 eooisqtoe
1103 3377 1193 3433 reetius

214 3471 285 3528 quarn
299 3472 355 3512 oum
365 3459 461 3528 reliquis
473 3459 583 3514 omnibus
593 3457 701 3531 unumne
710 3459 760 3528 legi
772 3459 900 3526 crederem,
912 3461 1002 3516 nedum
1012 3477 1034 3516 v.
1042 3467 1076 3519 50
1084 3461 1113 3516 ab
1125 3477 1193 3517 eorn-

214 3553 281 3596 mutu
298 3541 409 3597 omnibus
424 3540 541 3597 mitiori
555 3541 585 3596 ad
603 3539 749 3596 mditiosaam
766 3541 866 3596 transire
882 3545 1031 3610 amussim,
1048 3559 1195 3617 quamquam
