2626 4006
204 234 244 295 58
548 246 583 292 o.
605 245 677 292 suu.
700 243 886 292 ruvurtanls

205 385 295 462 Finge
318 391 413 443 tamen
436 383 550 460 gladios
572 383 638 443 inde
660 392 746 461 atque
769 383 835 443 hinc
860 382 971 460 pulpita
994 386 1079 461 poni:
1142 395 1194 450 195

205 467 280 541 Quid
302 464 412 527 satiusl
435 475 556 526 mortem
577 468 620 526 sic
643 467 792 544 quisquam
815 465 981 540 exhorruit,
1004 475 1035 527 ut
1057 469 1094 529 sit

205 550 366 629 Zelotypus
389 548 563 625 Thymeles,
585 549 691 627 stupidi
713 550 832 626 collega
851 546 1002 609 Corinthi?

205 633 264 694 lles
285 632 361 694 haud
381 634 451 693 mira
471 642 581 710 tamen,
605 631 773 693 citharoedo
797 633 944 712 principe,
967 636 1068 692 mimus

205 716 327 777 Nobilis.
357 716 439 776 llaec
461 717 535 776 ultra
558 717 626 795 quid
653 717 708 775 erit
730 717 784 775 uisi
809 711 914 776 ludus?
938 725 966 775 et
988 717 1049 776 illic

204 800 341 862 Dedecus
362 800 441 861 urbis
463 799 572 875 habes,
593 817 648 859 nec
670 799 849 859 mirmillonis
869 801 898 859 in
920 802 1017 876 armis,
1139 813 1194 867 noo

204 883 267 944 Nec
290 883 387 963 clipeo
410 882 570 943 Gracchum
592 891 767 962 pugnantem
789 892 843 942 aut.
857 882 935 943 laice
957 885 1075 961 supina

205 967 326 1028 Damnat
351 968 424 1026 eninr
447 967 521 1026 tales
542 967 665 1039 habitus,
685 967 726 1044 [et
750 965 863 1026 damnat
885 975 914 1026 et
935 968 1006 1044 odit,

205 1050 268 1110 Nec
289 1049 374 1128 galea
398 1051 503 1110 faciem
524 1046 709 1125 abscondit:l
732 1057 830 1107 moret
853 1065 925 1107 ecce
946 1051 1098 1111 tridentem
1122 1062 1162 1127 et,

175 1150 178 1155 ’
204 1135 359 1212 Postquam
380 1133 492 1193 uibrata
509 1134 667 1212 ‘pendentia
686 1133 759 1192 retia
783 1133 885 1193 dextra

204 1216 384 1295 Nequiquam
408 1216 525 1291 effudit,
554 1217 659 1277 nudum
679 1217 715 1277 ad
739 1217 908 1295 spectacula
930 1217 1038 1277 vultum
1137 1233 1191 1284 205

205 1299 299 1378 llrigit
320 1310 349 1360 et
369 1309 429 1360 tota
453 1299 527 1376 lugit
549 1299 751 1378 agnoscendus
774 1317 871 1360 arena.

206 1381 364 1444 Credamus
385 1383 516 1459 tunicae,
540 1384 577 1444 de
599 1384 732 1444 laucibus
756 1402 842 1444 aurea
867 1401 953 1460 quum
975 1403 1008 1443 se

204 1468 338 1546 Porrigat
359 1477 387 1527 et
408 1467 497 1544 longo
519 1468 643 1528 iactetur
663 1468 741 1545 spira
761 1464 884 1544 galero?

205 1549 285 1629 Ergo
308 1553 491 1629 ignominiam
512 1553 678 1629 graviorem
699 1549 817 1628 pertulit
840 1551 915 1609 omni

204 1635 334 1694 Vulnere
356 1653 421 1695 cum
443 1634 575 1696 Graccho
600 1636 695 1694 iussus
719 1652 848 1711 pugnare
872 1643 998 1694 secutor.
1139 1648 1192 1700 tto

246 1717 349 1779 Libera
368 1720 394 1778 si
418 1718 521 1777 dentur
540 1717 651 1797 populo
675 1717 828 1794 suffragia,
855 1720 918 1796 quis
941 1727 997 1778 tam
1153 1727 1159 1738 '

206 1793 354 1877 Perditus,
367 1809 409 1861 ut
430 1800 540 1861 dubitet
564 1803 706 1861 Senecam
729 1802 881 1880 praeferre
903 1800 1023 1879 Neroni,

207 1881 294 1944 Gaius
313 1883 457 1962 supplicio
482 1901 539 1943 non
562 1884 659 1945 debuit
684 1902 740 1944 una
765 1886 861 1962 parari

206 1969 293 2028 Simia
315 1986 370 2028 nec
394 1985 517 2046 serpens
538 1987 610 2029 unus
632 1986 687 2029 nec
713 1968 824 2028 culleus
847 1964 940 2027 unus?

207 2049 260 2114 Par
280 2051 544 2129 Agamemnonidae
568 2055 691 2128 crimen,
714 2051 767 2112 sed
792 2069 878 2113 causa
899 2052 968 2112 lacit
991 2069 1052 2111 rern
1139 2065 1192 2117 215
1302 2139 1303 2144 ἵ

207 2131 396 2226 Dissimilem:
421 2139 529 2215 quippe
551 2137 601 2197 ille
624 2137 686 2196 deis
706 2135 873 2196 auctoribus
894 2136 972 2195 ultor

204 2218 296 2278 Patris
318 2228 381 2279 erat
404 2221 484 2279 caesi
505 2220 598 2280 media
621 2221 696 2280 inter
716 2219 837 2297 pocula;
862 2219 915 2280 sed
937 2237 992 2278 nec

204 2300 342 2362 Electrae
369 2304 468 2380 iugulo
493 2322 526 2364 se
548 2304 652 2382 polluit
678 2312 725 2364 aut
748 2303 881 2381 Spartani

205 2387 351 2462 Sanguine
374 2387 516 2463 coniugii,
541 2386 626 2446 nullis
649 2388 763 2446 aconita
788 2386 957 2465 propinquis

203 2467 337 2544 Miscuit,
362 2470 389 2528 in
417 2487 506 2529 scena
527 2488 678 2548 numquam
702 2472 826 2530 cantavit
850 2468 982 2545 Orestes,
1138 2481 1193 2532 220

203 2550 310 2613 Troica
332 2568 389 2610 non
412 2554 538 2630 scripsit.
575 2552 650 2625 Quid
673 2555 748 2614 enim
767 2553 922 2632 Verginius
944 2553 1029 2612 armis

203 2634 312 2694 Debuit
335 2634 438 2696 ulcisci
460 2639 567 2714 magis,
590 2647 638 2698 aut
662 2655 726 2698 cum
747 2637 869 2697 Vindice
893 2635 994 2711 Galba,

205 2716 291 2792 Quod
315 2717 394 2779 Nero
415 2727 473 2779 tarn
499 2737 588 2781 saera
614 2721 761 2800 crudaque
786 2721 936 2797 tyrannide
959 2717 1051 2779 lecit?

202 2799 284 2861 llaec
307 2818 398 2880 opera
420 2813 507 2881 atque
529 2805 584 2865 hae
607 2815 672 2865 sunt
694 2806 832 2882 generosi
855 2805 993 2884 principis
1013 2812 1103 2880 artes,

204 2885 360 2946 Gaudentio
387 2887 476 2948 foedo
500 2889 656 2968 peregrina
679 2889 715 2948 ad
737 2888 849 2968 pulpita
873 2896 957 2948 cautu
1137 2897 1190 2949 225
1300 2865 1301 2925 ]

203 2967 338 3030 Prostitui
361 2968 522 3051 Graiaeque
544 2975 638 3052 apium
659 2972 800 3032 meruisse
825 2988 962 3031 coronae.

203 3049 343 3112 llaiorum
366 3054 481 3132 efligies
505 3056 630 3116 habeant
653 3056 775 3132 insignia
797 3057 896 3115 vocis:

203 3135 280 3195 Ante
304 3136 395 3215 pedes
423 3137 530 3198 Domiti
557 3139 673 3216 longum
695 3147 724 3198 tu
747 3157 823 3218 pone
847 3138 993 3213 Thyestae

203 3219 305 3294 Syrma
329 3221 378 3280 vel
401 3222 564 3299 Antigones
588 3231 635 3283 aut
657 3240 812 3301 personam
836 3221 1028 3299 Menalippes,

202 3300 240 3363 Et
262 3304 299 3364 de
324 3320 487 3366 marmoreo
515 3305 652 3366 citharam
673 3306 821 3384 suspende
843 3304 974 3366 colosso.
1138 3313 1191 3366 230

203 3383 296 3462 Quid,
321 3384 461 3464 Catilina,
480 3389 536 3446 tuis
560 3388 701 3448 natalibus
724 3399 810 3467 atque
831 3387 955 3465 Cethegi

202 3466 332 3528 lnveniet
354 3471 504 3547 quisquam
526 3469 696 3531 sublimius?
719 3490 797 3532 arma
819 3481 915 3531 tamen
934 3487 988 3531 vos
