2626 4006
500 204 624 251 santos.
645 205 693 251 XI.

118 343 303 420 Despiciam,
330 349 378 418 qul
400 344 470 415 scit,
498 351 604 420 quanto
629 343 780 404 sublimior
804 345 886 406 Atlas

119 425 257 486 Omnibus
281 425 310 484 in
329 422 419 498 Libya
443 426 480 484 sit
502 425 661 502 montibus,
680 427 728 488 bic
749 438 843 488 tamen
865 428 940 488 idem

118 511 255 587 lgnoret,
282 516 415 586 quantum
438 507 546 569 ierrata
569 509 656 569 distet
682 511 718 570 ab
743 530 812 571 arca

118 591 272 652 Sacculus.
304 590 329 650 ll
355 590 440 650 coelo
464 592 616 652 descendit
635 597 733 672 panida
758 591 889 670 σεαυτόν,

117 675 278 752 Figendum
301 683 330 733 et
354 676 475 734 memori
497 677 673 736 tractandum
697 688 838 756 pectore,
861 680 924 738 sive

119 757 290 834 Coniugium
310 775 435 836 quaeras
456 758 504 818 vel
525 762 602 819 sacri
624 762 652 819 in
673 772 755 838 parte
778 771 895 822 senatus

118 842 193 902 Esse
217 840 306 909 velis;
333 858 428 918 neque
454 843 529 901 enim
550 843 669 904 loricam
692 847 787 922 poscit
811 845 934 905 Achillis

117 925 283 999 Thersites,
310 927 338 984 in
365 943 421 1002 qua
447 943 480 984 se
505 927 673 986 traducebat
695 927 811 1003 Ulixes;

116 1010 281 1088 Ancipitem
306 1026 358 1067 seu
382 1018 411 1067 tu
437 1026 540 1086 magno
564 1011 727 1070 discrimine
752 1031 867 1073 causam

116 1093 277 1169 Protegere
300 1090 437 1169 allectas,
461 1102 490 1152 te
515 1094 652 1168 consule,
676 1095 722 1155 dic
744 1095 808 1171 tibi,
831 1096 879 1174 qui
902 1096 963 1171 sis,

117 1175 223 1236 Orator
244 1174 417 1251 uehemens,
442 1195 477 1236 an
500 1175 614 1237 Gurtius
637 1188 666 1236 et
691 1177 788 1240 llatbo
813 1180 934 1239 buccae.

115 1258 272 1319 Noscenda
296 1267 340 1318 eat
363 1276 496 1318 mensura
519 1263 562 1319 sui
585 1263 801 1341 spectandaque
824 1262 913 1321 rebus

115 1343 149 1402 lu
171 1343 285 1404 summis
307 1343 503 1422 minimisque,
527 1347 611 1404 etiam
632 1363 716 1423 quum
741 1348 829 1422 piscis
854 1355 977 1414 emetur;

115 1426 162 1486 Ne
185 1425 301 1486 mullum
323 1427 439 1504 cupias,
464 1444 549 1503 quum
571 1429 609 1485 sit
633 1427 684 1486 tibi
706 1429 796 1504 gobio
819 1437 925 1488 tantum

115 1509 149 1569 ln
175 1509 287 1569 loculis.
326 1506 397 1580 Quis
421 1511 496 1568 enim
520 1519 548 1569 te
570 1510 725 1570 deficiente
749 1529 884 1571 crumena

114 1591 154 1652 nt
177 1601 330 1653 crescente
354 1592 422 1670 gula
444 1603 540 1652 manet
564 1595 675 1670 exitus,
703 1612 773 1654 aere
796 1602 917 1674 paterno

114 1679 161 1736 Ac
183 1675 272 1736 rebus
293 1678 396 1736 mersis
419 1677 447 1734 in
471 1688 617 1753 ventrem,
641 1677 751 1738 fenoris
773 1688 859 1758 atque

113 1761 239 1837 lugenti
261 1762 358 1837 gravis
382 1769 411 1819 et
433 1777 572 1838 pecorum
594 1779 787 1841 agrorumque
812 1761 970 1841 capacem?

114 1843 236 1904 Talibus
261 1861 277 1903 a
302 1842 423 1902 dominia
448 1854 515 1921 post
543 1855 645 1905 cuncta
669 1847 840 1905 novissimus
863 1848 922 1905 erit

114 1927 261 2002 Annulus,
287 1935 315 1986 et
337 1927 427 2002 digito
450 1927 593 1987 mendicat
618 1929 710 1989 Pollio
738 1930 822 1990 nudo.

113 2010 181 2070 Non
205 2010 378 2088 praematuri
403 2010 518 2069 cineres
540 2029 595 2070 nec
620 2011 704 2072 funus
726 2012 862 2072 acerbum

113 2094 272 2169 Luxuriae,
296 2093 349 2153 sed
373 2102 465 2152 morte
488 2095 580 2171 magis
600 2095 752 2155 metuenda
776 2104 921 2155 senectus.

113 2177 151 2236 lli
175 2178 344 2256 plerumque
365 2175 487 2253 gradus:
515 2178 656 2238 conducta
679 2179 800 2256 pecnnia
821 2177 931 2237 Romae

113 2261 154 2320 Et
176 2278 275 2321 coram
298 2260 417 2320 dominia
442 2263 631 2330 nonsummum
659 2263 725 2322 inde
748 2262 794 2322 ubi
817 2261 932 2339 paulum

113 2343 224 2404 Nescio
247 2344 315 2425 quid
339 2354 473 2422 superest
496 2354 526 2404 et
545 2345 635 2422 pallet
657 2347 766 2405 lenoris
788 2354 900 2420 auctor,

90 2427 172 2500 'Qui
196 2438 315 2488 vertere
342 2426 452 2504 solum,
478 2428 562 2488 Baias
586 2438 615 2487 et
639 2431 673 2490 ad
695 2440 792 2490 ostrea
816 2438 941 2488 currunt.

115 2511 232 2572 Cedere
253 2529 375 2589 namque
402 2510 466 2570 loro
491 2513 547 2572 iam
568 2530 624 2572 non
651 2523 697 2574 est
719 2514 848 2573 deterius
870 2530 953 2589 quam

113 2594 263 2673 Esquilias
290 2613 307 2654 a
332 2595 457 2655 lerventi
478 2598 603 2674 migrare
628 2598 751 2658 Subura.

112 2678 168 2738 llle
195 2679 280 2739 dolor
305 2679 384 2738 solus
409 2681 527 2756 patriam
549 2680 739 2756 fugientibus,
768 2680 816 2740 rlla

112 2760 260 2822 Maestitia
283 2772 345 2837 est,
371 2764 500 2821 caruisse
525 2779 598 2822 anno
622 2764 800 2823 circensibus
825 2781 889 2822 uno.

113 2847 268 2923 Sanguinis
294 2847 323 2904 in
344 2846 420 2906 lacie
442 2863 499 2904 non
520 2847 622 2906 haeret
646 2857 739 2924 gutta;
766 2856 910 2905 morantur

114 2929 201 2989 Pauci
227 2929 377 2990 ridiculum
412 2938 441 2989 et
479 2930 637 3008 lugientem
663 2950 700 2990 ex
721 2931 792 2989 urbe
813 2929 963 3006 pudorem.

155 3011 320 3092 Experiere
340 3012 445 3089 bodie,
472 3015 605 3091 numquid
628 3013 821 3091 pulcherrima
843 3012 929 3087 dictu,

113 3096 251 3173 Persice,
277 3113 334 3156 non
355 3106 500 3174 praestem
526 3099 582 3157 vita
605 3099 652 3157 vel
674 3097 803 3156 moribus
828 3106 858 3156 et
879 3114 923 3170 re,

113 3180 172 3239 Sed
196 3180 313 3240 laudem
336 3179 456 3259 siliquas
477 3181 610 3240 occultus
631 3197 744 3258 ganeo,
769 3181 865 3257 pultes

114 3260 221 3323 Coram
246 3263 311 3323 aliis
337 3262 442 3323 dictem
468 3281 577 3343 puero,
601 3266 654 3324 sed
679 3267 798 3324 inaure
822 3263 982 3341 placentas.

112 3344 184 3406 Nam
208 3365 295 3426 quum
317 3347 357 3405 sis
380 3349 501 3407 conviva
524 3348 592 3407 mihi
614 3350 789 3426 promissus,
814 3345 936 3406 habebis

113 3427 296 3506 Evandrum,
320 3432 421 3490 venies
445 3430 609 3508 Tirynthius
633 3441 681 3491 aut
705 3433 797 3490 minor
817 3429 868 3490 illo
