2626 4006
219 231 259 293 92
547 243 587 289 n:
605 241 675 290 unu.
699 229 885 290 rnvnuunrs

221 382 356 443 Clamore
378 400 413 441 ac
436 390 503 459 post
528 381 602 440 haec
625 379 737 440 tabulas
759 389 869 439 mutare
895 379 1027 457 parabis:
1174 392 1209 444 55

220 465 303 526 Unde
324 465 375 526 tibi
398 466 522 525 frontem
544 464 767 542 libertatemque
789 466 929 541 parentis,

221 548 314 622 Quum
335 548 426 609 lucius
451 549 668 627 peiorasenex
690 565 869 625 vacuumque
895 546 1019 607 cerebro

220 632 279 693 lam
302 632 413 711 pridem
436 640 523 710 caput
547 631 605 691 boc
629 641 751 692 ventosa
778 630 925 692 cucurbita
953 627 1096 710 quaerat?

263 715 386 794 Hospite
409 725 547 790 venturo,
572 715 699 775 cessabit
724 731 808 775 nemo
835 725 957 775 tuorum.

222 801 315 860 Verre
337 801 545 878 pavimentum,
568 799 672 860 nitidas
696 798 819 858 ostende
841 799 1000 874 columnas,
1177 809 1211 862 60

221 884 311 944 Arida
334 901 399 943 cunr
421 892 482 944 tota
506 883 666 944 descendat
689 900 795 943 aranea
818 883 887 958 tela,

220 966 274 1027 llic
297 967 364 1027 leve
388 976 555 1045 argentum,
579 985 650 1027 vasa
674 983 779 1044 aspera
801 973 918 1044 tergeat
940 965 1029 1025 alter:

222 1049 289 1110 Vox
311 1051 418 1111 domini
442 1051 509 1110 furit
534 1052 664 1110 instantis
686 1053 853 1128 virgamque
878 1050 1014 1111 tenentis.

222 1133 302 1211 Ergo
325 1136 414 1193 miser
435 1134 579 1212 trepidas,
603 1153 639 1193 ne
662 1145 793 1194 stercore
815 1134 903 1195 loeda
927 1133 1028 1192 canino

223 1219 305 1278 Atria
327 1217 500 1296 displiceant
523 1218 616 1277 oculis
635 1220 782 1278 venientis
808 1219 902 1293 amici,
1178 1226 1211 1280 65

221 1301 266 1361 Ne
289 1301 409 1379 perlusa
437 1302 498 1362 luto
525 1303 562 1360 sit
584 1304 730 1380 porticum
757 1311 786 1360 et
806 1310 902 1362 tamen
922 1317 979 1360 uno

222 1385 361 1445 Semodio
386 1385 485 1444 scobis
508 1385 582 1468 baec
606 1386 739 1446 emendat
764 1385 898 1444 servulus
922 1401 1009 1444 unus:

222 1469 296 1529 lllud
323 1463 388 1528 non*
407 1471 516 1546 agitas,
542 1479 572 1529 nt
595 1478 723 1529 sanctam
743 1467 818 1528 lilius
842 1471 917 1528 omni

223 1551 355 1630 Aspiciat
374 1555 437 1612 sine
464 1554 531 1613 labe
555 1554 668 1628 domum
694 1555 823 1631 vitioque
848 1549 1015 1612 carentem?

223 1636 340 1696 Gratum
366 1645 428 1712 est,
453 1638 530 1714 quod
545 1640 663 1714 patriae
689 1639 782 1696 civem
806 1636 976 1714 populoque
1003 1634 1119 1710 dedisti,
1178 1643 1212 1697 to

223 1721 253 1778 Si
276 1720 350 1779 iacis
376 1728 406 1779 ut
433 1723 544 1798 patriae
569 1723 606 1779 sit
631 1720 771 1795 idoneus,
799 1720 876 1779 utilis
901 1721 991 1797 agris,

119 1833 122 1840 ⁴
222 1801 308 1862 Utilis
333 1813 362 1862 et
386 1803 531 1863 bellorum
552 1812 582 1862 et
605 1806 687 1883 pacis
710 1804 797 1862 rebus
823 1804 953 1881 agendis.

224 1885 378 1946 Plurimum
399 1888 473 1946 enim
492 1889 640 1962 intererit,
664 1887 767 1966 quibus
785 1887 894 1947 artibus
915 1897 943 1946 et
963 1886 1067 1966 quibus
1087 1886 1165 1946 bunc
1183 1895 1213 1946 tu

223 1968 353 2030 bloribus
378 1971 519 2031 instituas.
559 1972 703 2050 Serpente
727 1973 839 2032 ciconia
860 1971 955 2050 pullos

222 2050 319 2113 Nutrit
344 2063 373 2113 et
394 2053 510 2115 iuventa
535 2074 589 2134 per
613 2056 697 2116 devia
717 2074 783 2116 rura
807 2055 932 2115 lacerta:
1179 2062 1213 2117 ts

223 2136 271 2197 Illi
297 2138 399 2198 eadem
427 2141 548 2218 sumptis
576 2149 717 2219 quaerunt
740 2139 872 2199 animalia
895 2141 998 2217 pinnis.

221 2218 327 2280 Vultur
352 2223 479 2282 iumento
503 2232 532 2282 et
553 2224 674 2284 'canibus
699 2222 891 2302 crucibusque
913 2222 1022 2283 relictis

223 2303 270 2363 Ad
296 2304 372 2365 letus
401 2317 542 2385 properat
565 2317 735 2386 partemque
761 2307 912 2367 cadaveris
934 2306 1033 2367 allert:

222 2386 276 2448 llic
303 2399 348 2448 eat
371 2407 444 2467 ergo
466 2389 548 2449 cibus
570 2393 665 2468 magni
688 2406 805 2470 quoque
826 2390 947 2450 vulturis
973 2398 1002 2448 et
1024 2407 1056 2448 se

222 2470 388 2548 Passanda,
412 2476 531 2551 propria
553 2493 638 2552 quum
660 2476 715 2533 iam
736 2474 804 2533 lacit
826 2474 931 2535 arbore
953 2473 1047 2533 nidos.
1177 2481 1213 2534 80

223 2554 282 2613 Sed
306 2555 439 2634 leporem
463 2566 511 2617 aut
537 2575 673 2635 capream
696 2557 820 2618 famulae
844 2557 921 2616 lovis
943 2567 972 2616 et
992 2573 1158 2633 generosae

222 2637 254 2697 ln
277 2638 352 2699 saltn
374 2650 516 2699 venantur
538 2659 624 2717 aves,
647 2641 714 2701 binc
736 2641 845 2720 praeda
871 2640 959 2701 cubili

222 2721 356 2782 Ponitur:
380 2724 446 2784 inde
468 2733 563 2784 autem
584 2743 670 2803 quum
693 2743 726 2784 se
745 2734 854 2785 matura
876 2724 984 2784 levabit

222 2805 399 2884 Progenies,
424 2808 587 2869 stimulante
610 2809 687 2870 iarrre
709 2809 827 2868 festinat
846 2808 881 2868 ad
903 2808 991 2884 illam,

222 2888 314 2962 Quam
337 2893 458 2968 primum
475 2888 611 2971 praedam
633 2903 718 2971 rupto
741 2901 910 2969 gustaverat
932 2908 999 2951 ovo.
1176 2900 1211 2953 85

264 2973 444 3035 Aedificator
466 2986 528 3036 erat
551 2974 704 3037 Cretonius
737 2986 766 3036 et
798 2974 884 3035 modo
911 2991 1001 3035 curvo

220 3056 319 3116 bitore
344 3055 480 3136 Caietae,
503 3077 611 3121 sunrma
633 3079 709 3120 nunc
728 3058 843 3120 Tiburis
866 3077 946 3134 arce,

221 3138 305 3200 Nunc
327 3141 523 3203 Praenestinis
545 3146 573 3203 in
594 3143 738 3205 montibus
762 3144 820 3203 alta
842 3142 963 3220 parabat

223 3221 353 3284 Gulmiua
372 3226 505 3287 villarum
522 3226 641 3289 Graecis
665 3228 811 3305 longeque
832 3229 930 3304 petitis

221 3306 429 3386 blarmoribus,
451 3314 570 3371 vincens
591 3312 737 3373 Fortunae
760 3321 846 3390 atque
868 3309 1003 3370 Herculis
1025 3308 1138 3385 aedem,
1175 3319 1210 3373 90

220 3392 261 3453 Ut
281 3393 373 3469 spado
395 3393 530 3454 vincebat
553 3394 698 3474 Capitolia
720 3404 819 3454 nostra
840 3392 972 3453 Posides.

226 3476 302 3536 Dum
318 3477 362 3535 sic
382 3493 455 3553 ergo
477 3476 586 3538 habitat
609 3478 785 3552 Cretonius,
823 3478 960 3537 imminuit
980 3495 1054 3551 rem,
