2626 4006
210 170 252 230 50
544 178 668 225 1111.
689 177 875 224 murrusnrs

211 321 338 383 Fidimus
358 312 501 396 eloquio?
525 313 661 376 Ciceroni
683 332 768 376 nemo
792 316 934 376 ducentos

211 403 295 466 Nunc
315 402 429 464 dederit
449 416 595 477 nummos,
618 400 673 458 nisi
695 399 809 459 fulserit
831 399 952 459 annulus
975 401 1087 476 ingens.
1153 410 1206 462 140

213 487 345 565 Respicit
366 486 440 546 baec
462 484 598 563 primum,
621 483 670 562 qui
690 483 799 559 litigat,
821 499 857 543 an
879 482 930 542 tibi
954 483 1032 542 servi

213 571 306 647 Octo,
328 571 430 630 decem
453 567 591 643 comites,
615 584 651 626 an
670 575 737 645 post
757 576 787 626 11
807 566 898 642 sella,
921 567 1013 643 togati

212 655 288 714 Ante
309 652 411 733 pedes.
456 651 526 712 ldeo
550 651 691 710 conducta
713 649 818 710 Paulus
840 649 948 728 agebat

213 737 417 813 sardonyche,
440 744 527 814 atque
548 734 617 793 ideo
639 733 732 812 pluris
754 751 838 811 quam
862 733 962 794 Gallus
986 732 1103 810 agebat,

213 821 304 895 Quam
327 819 450 879 Basilus.
494 818 570 878 llara
592 819 620 877 in
641 817 719 877 tenui
741 816 875 877 facundia
896 835 1001 895 panno.
1152 825 1203 878 145

212 903 333 978 Quando
355 903 424 963 licet
446 895 543 962 Basilo
566 901 682 962 dentem
701 901 865 979 producere
886 897 1026 961 matrem?

213 988 284 1062 Quis
304 986 379 1046 bene
402 987 547 1046 dicentem
568 983 693 1045 Basilum
714 982 811 1043 ferat?
833 984 957 1063 accipiat
976 992 1005 1042 11

213 1070 304 1132 Gallia
326 1069 375 1129 vel
392 1069 493 1148 potius
517 1068 657 1128 nutricula
681 1067 891 1127 causidicorum

212 1154 328 1229 Africa,
352 1154 376 1211 si
396 1152 504 1231 placuit
526 1151 693 1210 mercedem
714 1166 826 1229 ponere
847 1149 974 1228 linguae.

254 1236 428 1296 Declamare
450 1231 563 1295 doces?
582 1250 599 1294 o
621 1234 719 1294 ferrea
742 1242 864 1313 pectora
884 1234 974 1310 Vetti,
1152 1245 1203 1297 150
1309 1305 1310 1326 Χ

209 1322 306 1396 Quum
329 1319 444 1398 perimit
467 1334 573 1378 saevos
593 1317 697 1377 classis
719 1334 873 1377 numerosa
893 1319 1046 1393 tyrannos!
1309 1363 1310 1366 ,

101 1441 104 1447 ·
213 1403 283 1465 Nam
307 1419 506 1481 quaecumque
522 1400 629 1462 sedens
644 1401 729 1461 modo
747 1400 875 1478 legerat,
898 1401 974 1462 baec
995 1402 1098 1462 eadem
1121 1408 1201 1460 11111
1309 1429 1310 1470 p

214 1487 347 1549 Perieret
367 1495 454 1566 atque
471 1485 572 1546 eadem
589 1484 715 1545 cantabit
736 1485 871 1544 versibus
894 1484 1000 1553 isdem:

132 1589 138 1602 ·
203 1571 327 1650 ,Occidit
349 1571 473 1630 miseros
493 1569 609 1629 crambe
632 1569 756 1647 repetita
774 1569 939 1646 magistros.

213 1654 284 1728 Quis
308 1654 392 1714 color
415 1663 444 1714 et
466 1653 543 1732 quod
564 1653 600 1711 111
616 1669 722 1711 causae
738 1669 830 1729 genus
846 1660 933 1732 atque
949 1652 996 1712 ubi
1012 1670 1121 1712 summa
1151 1659 1202 1715 155

213 1737 369 1814 Quaestio,
393 1754 467 1816 quae
486 1737 602 1796 veniant
625 1734 759 1795 diversae
780 1734 858 1794 forte
879 1737 1013 1814 sagittae,

213 1819 308 1881 Nosse
331 1820 421 1880 velint
438 1837 556 1894 omues,
578 1818 744 1878 mercedem
763 1817 882 1878 solvere
904 1837 998 1880 nemo.
1016 1854 1059 1864 -

213 1903 379 1964 blercedem
401 1898 556 1982 appellas?
580 1902 648 1981 quid
670 1904 744 1962 enim
766 1899 906 1962 11111-
925 1899 1018 1982 Culpa
1042 1903 1177 1963 docentis

213 1986 333 2048 Scilicet
353 1989 496 2064 arguitur,
519 1987 597 2065 quod
618 1984 702 2046 11111
725 1993 808 2062 parte
826 1985 975 2047 'mamillae

213 2069 260 2130 llil
283 2070 349 2131 11111
369 2071 515 2131 Arcadico
537 2071 648 2144 iuveni,
670 2071 749 2129 cuius
770 2067 837 2128 mibi
860 2078 943 2130 sexta
1053 2113 1055 2119 ,
1151 2075 1202 2128 160

214 2153 336 2234 Quaque
358 2154 404 2214 die
426 2156 563 2214 miserum
579 2154 657 2213 dirus
677 2162 765 2231 caput
783 2151 924 2214 Hannibal
947 2150 1060 2229 implet;

199 2236 358 2316 ’Quidquid
380 2237 489 2314 idest,
513 2239 550 2298 de
573 2253 630 2315 quo
652 2235 813 2311 deliberat,
838 2254 874 2296 an
895 2242 975 2314 petat
996 2233 1097 2292 urbem

213 2321 241 2380 A
263 2319 384 2397 Cannis,
407 2339 443 2380 an
465 2331 531 2399 post
553 2319 665 2381 nimbos
686 2330 715 2379 11
735 2318 851 2379 fulmina
875 2328 975 2379 cautus

215 2401 399 2481 circumagat
416 2404 544 2464 madidas
566 2423 582 2464 a
603 2412 777 2482 tempestate
796 2404 945 2464 cobortes.

214 2485 355 2560 Quantum
376 2487 420 2546 vis
443 2487 597 2565 stipulare,
623 2496 651 2546 et
672 2488 801 2564 protinus
825 2487 947 2565 accipe,
971 2484 1048 2563 quod
1071 2483 1121 2559 do,
1153 2493 1205 2546 lbo

214 2568 252 2630 Ut
274 2571 361 2629 toties
378 2569 457 2630 illum
479 2579 562 2650 pater
584 2570 729 2630 audiat-
742 2569 815 2630 baec
837 2569 885 2629 alii
907 2587 960 2630 sex

213 2652 271 2712 Vel
293 2653 392 2731 plures
415 2670 470 2714 uno
492 2654 671 2714 conclamant
692 2670 744 2713 ore
765 2653 914 2732 sophistae

214 2734 252 2797 Et
271 2753 358 2796 veras
379 2738 487 2814 agitant
509 2737 591 2812 lites,
615 2746 733 2816 raptore
759 2737 880 2810 relicto;

214 2820 290 2880 Fusa
312 2836 423 2880 venena
445 2820 548 2898 silent,
571 2820 662 2881 malus
681 2822 869 2899 ingratusque
889 2820 1018 2894 maritus,

213 2902 251 2963 Et
270 2922 343 2982 quae
366 2906 421 2965 iam
443 2914 561 2966 veteres
581 2913 681 2965 sanant
701 2905 836 2964 mortaria
859 2919 976 2964 caecos.
1154 2909 1207 2964 rto

215 2987 295 3065 Ergo
313 2987 368 3047 sibi
390 2988 469 3048 dabit
487 2990 551 3067 ipse
572 2987 686 3062 rudem,
710 2988 734 3046 si
756 2995 855 3048 nostra
872 2986 1030 3047 movebunt

216 3069 361 3148 Consilia,
383 3081 412 3133 et
432 3073 509 3133 vitae
531 3073 675 3132 diversum
693 3071 750 3130 iter
774 3070 962 3147 ingredietur,

215 3154 261 3213 Ad
283 3172 406 3233 puguam
428 3157 477 3234 qui
496 3154 640 3216 rbetorica
662 3155 813 3214 descendit
835 3154 871 3214 ab
893 3153 1004 3229 umbra,

66 3271 71 3280 ·
106 3251 109 3257 '
216 3237 360 3299 Summula
381 3258 418 3299 ne
441 3247 558 3317 pereat,
583 3256 638 3316 qua
659 3238 725 3298 vilis
747 3246 861 3298 tessera
882 3237 963 3296 venit

215 3321 361 3381 Frumenti
369 3345 376 3389 ;
396 3323 504 3401 quippe
527 3321 601 3387 baec
623 3338 737 3381 merces
760 3320 927 3381 lautissima.
974 3318 1107 3398 Tempta,
1154 3326 1207 3380 175

215 3402 426 3481 Chrysogonus
450 3406 546 3483 quanti
570 3405 674 3465 doceat
694 3403 742 3464 vel
760 3403 854 3464 l’ollio
877 3405 975 3482 quanti
