2626 4006
218 249 259 310 56
562 259 598 306 o.
619 257 691 306 run.
714 257 900 306 novensem

219 401 331 474 Quanta
353 406 448 458 autem
471 398 537 458 inde
563 398 643 458 feres
665 404 721 456 tem
743 397 823 456 dirae
845 397 974 471 praemia
996 399 1113 478 cnlpae,
1305 461 1306 476 q

219 483 312 556 Quum
331 492 434 541 tenues
457 499 550 561 nuper
571 479 678 540 Nerius
701 471 869 540 discinxerit
888 478 998 542 diros?
1155 496 1206 549 leo
1305 483 1306 510 ¹

219 564 382 627 Curandum
403 566 432 624 in
453 566 569 644 primis,
593 582 630 623 ne
654 581 758 641 magne
781 563 883 622 iniuria
905 563 955 623 liet

216 649 353 711 Fortibus
373 657 402 709 et
417 649 541 708 miseris.
572 646 672 712 Tollas
692 648 762 708 licet
780 664 864 706 omne
886 648 963 724 quod
982 667 1101 728 usquam
1129 659 1175 708 est

218 734 289 794 Auri
312 742 399 810 atque
426 733 557 810 argenti,
583 739 694 791 scutum
715 731 901 808 gladiumque
922 732 1071 811 relinques

217 818 255 879 lit
276 816 400 878 iaculum
425 825 455 875 et
476 816 605 892 galcam:
631 814 764 892 spoliatis
787 832 865 874 arma
890 826 1052 892 supersunt.

189 945 192 952 .
217 901 304 975 Quod
330 899 416 959 modo
439 901 597 978 proposui,
619 915 677 957 non
699 907 744 957 est
767 899 923 966 sementim
946 916 1046 958 verum
1069 909 1129 968 est;
1154 911 1204 964 125

218 983 336 1046 Credite
358 1001 405 1042 me
430 983 515 1042 vebia
536 982 638 1043 lolium
659 983 786 1043 recitare
808 980 948 1056 Sibyllae.

217 1069 248 1130 Si
273 1066 325 1126 tibi
349 1074 447 1126 sancte
470 1066 579 1126 cohors
605 1067 756 1140 comitum,
780 1067 909 1124 sinemo
933 1066 1057 1126 tribuual

215 1150 323 1212 Vendit
350 1166 572 1225 noersecomes‚
600 1150 624 1208 si
648 1149 755 1209 nullum
778 1150 807 1208 in
829 1149 954 1225 coniuge
979 1152 1098 1226 crimen,

216 1234 280 1298 Nec
304 1251 358 1311 per
380 1242 539 1293 conventus
562 1242 591 1292 et
615 1240 716 1292 cuncta
739 1250 793 1311 per
815 1232 921 1310 oppida
944 1235 1040 1293 curvis

217 1315 367 1394 Unguibus
388 1317 432 1376 ire
456 1326 539 1394 perat
560 1333 688 1376 nummos
710 1324 827 1394 raptura
850 1314 995 1376 Celaeno:
1152 1327 1204 1380 130

216 1401 260 1462 'l'a
281 1400 352 1460 licet
374 1419 391 1460 a
416 1400 486 1460 Pico
513 1417 648 1460 numeres
670 1418 778 1478 genus,
808 1399 923 1477 altaque
948 1401 971 1458 si
992 1408 1022 1460 te
1212 1409 1215 1414 '

216 1485 338 1546 Nomine
364 1483 528 1559 delentem,
552 1501 665 1544 omnem
689 1482 819 1543 Titanida
842 1501 966 1560 pugnam

151 1567 157 1580 “
216 1568 295 1631 luter
321 1568 448 1628 maiores
474 1569 627 1646 ipsumque
650 1567 821 1627 Promethea
845 1583 952 1644 ponas:

215 1653 261 1712 De
285 1668 469 1730 quocumque
490 1651 576 1710 voles
600 1668 738 1728 proavum
762 1649 813 1710 tibi
837 1652 939 1710 sumito
964 1650 1048 1710 libro.

217 1735 303 1809 Quod
326 1736 351 1794 si
374 1735 565 1813 praecipitem
590 1736 665 1812 rapit
691 1734 807 1794 ambitio
836 1743 922 1813 atque
945 1733 1046 1809 libido,
1154 1743 1205 1796 135

218 1819 249 1879 Si
270 1818 382 1894 frangis
404 1818 502 1894 virgas
525 1819 671 1878 sociorum
692 1818 721 1876 in
744 1819 899 1896 sangnine,
923 1819 947 1876 si
969 1827 999 1877 tc

219 1900 374 1965 Delectant
396 1900 520 1960 hebetes
542 1900 621 1962 lesso
647 1901 750 1963 lictore
776 1919 914 1961 secures:

216 1985 321 2063 incipit
344 1986 473 2063 ipsorum
490 1993 590 2045 contre
616 1993 646 2046 te
668 1994 745 2047 stare
769 1994 919 2064 parentum

217 2068 360 2129 Nobilitas
385 2068 550 2147 claramque
573 2069 668 2130 facem
689 2069 841 2148 praeferre
866 2067 1017 2147 pudendis.

218 2152 309 2212 Omne
331 2153 415 2212 enimi
439 2153 538 2212 vitium
561 2161 640 2213 tanto
662 2153 851 2232 conspectius
871 2155 900 2210 in
922 2170 954 2210 se

219 2235 335 2296 Crimen
359 2235 464 2312 babet,
487 2246 592 2315 quanto
616 2238 707 2296 maior
728 2238 777 2316 qui
800 2244 906 2314 peccet
931 2235 1063 2295 babetur.

217 2318 282 2392 Quo
305 2319 373 2379 mibi
393 2328 422 2379 te
444 2319 560 2380 solitum
581 2320 672 2381 ielses
695 2321 811 2397 signare
832 2318 956 2379 tabellas

216 2403 249 2462 ln
276 2402 408 2479 templis,
438 2421 512 2481 quae
538 2403 608 2463 fecit
629 2422 715 2479 arus,
742 2412 922 2481 statuamque
945 2402 1073 2482 parentis

216 2486 292 2546 Ante
319 2484 539 2564 triumphalem?
563 2505 638 2565 quo,
660 2489 686 2546 si
710 2496 866 2547 nocturnus
888 2486 1000 2547 adulter

216 2568 362 2647 Tempora
384 2569 541 2629 Santonico
567 2571 651 2632 velas
675 2571 815 2650 adoperta
839 2566 975 2630 cucullo?

189 2709 192 2714 Α
258 2652 378 2712 Praeter
401 2654 540 2712 melorum
567 2655 679 2714 cineres
704 2664 789 2740 etque
813 2671 881 2714 osse
903 2653 1017 2712 volucri

217 2733 362 2814 Carpento
389 2738 497 2814 rapitur
521 2739 634 2816 pinguis
657 2737 832 2814 Lateranus,
860 2746 889 2796 et
913 2739 995 2815 ipse,

215 2818 283 2897 lpse
309 2828 401 2879 rotam
426 2822 557 2898 astringit
580 2821 670 2882 multo
694 2822 855 2882 sufflamine
881 2821 992 2896 consul,

215 2902 310 2962 Nocte
337 2903 469 2982 quidem;
496 2906 549 2966 sed
571 2905 636 2966 luna
657 2905 754 2982 videt,
779 2905 832 2966 sed
855 2905 950 2965 sidera
971 2912 1064 2963 testes

214 2986 368 3047 Intendunt
389 2988 502 3048 oculos.
538 2988 659 3049 Finitum
682 2998 796 3067 tempus
819 2989 939 3049 honoris

217 3070 309 3143 Quum
331 3071 433 3148 inerit,
461 3072 540 3132 clare
564 3072 721 3133 lateranus
749 3074 815 3132 luce
839 3071 986 3150 flagellum

216 3153 315 3214 Sumet
336 3163 367 3214 et
388 3171 541 3216 occursum
562 3174 713 3235 numquam
734 3156 889 3234 trepidabit
911 3156 994 3216 amici

215 3236 274 3297 lam
297 3239 392 3314 senis,
418 3257 453 3299 ac
475 3239 558 3315 virge
579 3241 659 3318 prior
682 3249 787 3300 annuet
811 3249 897 3319 etque
919 3238 1062 3317 maniplos

216 3320 321 3381 Solvet
341 3330 370 3381 et
395 3322 524 3381 infundet
547 3324 678 3382 iumentis
702 3323 812 3384 hordea
833 3323 929 3383 lassis.

215 3403 348 3478 interce,
375 3405 440 3465 dum
463 3405 573 3465 lanatas
596 3405 756 3485 robumque
780 3407 932 3466 iuvencum

217 3485 301 3546 blora
323 3486 432 3546 Numae
456 3489 550 3548 caedit
572 3488 650 3549 lovis
674 3499 739 3549 ente
763 3489 880 3558 altaria,
907 3491 981 3549 iurat
