2600 4006
489 271 696 319 PRAEFATIO.
1025 277 1086 324 xm

99 419 254 488 29-57);
271 417 357 473 deinde
373 417 427 488 quia
440 415 612 472 Graeculorum
623 416 771 489 aliorumque
785 419 940 476 barbaromm
957 422 1007 477 sola
1025 425 1087 494 apud

99 509 215 574 potentes
225 507 297 573 atque
309 501 435 570 opulentos
448 500 558 556 homines
573 501 701 555 auctoritas
711 508 798 573 regnet
809 503 842 569 (v.
856 508 1023 575 58-125);
1035 517 1087 563 166

100 587 160 658 quia
170 588 209 640 uel
220 585 356 640 intercisas
367 585 447 640 omnia
457 585 591 640 diuitiarum
603 590 628 639 et
637 586 753 654 pecuniae
768 599 880 642 mensura
891 596 1033 645 censeantur
1042 607 1087 646 neo

101 670 204 740 pauperi
220 684 321 740 usquam
336 675 377 724 aut
399 669 468 724 locus
486 675 527 723 aut
543 668 602 723 fides
620 675 714 723 constet
732 668 768 735 (v.
783 674 833 728 126
843 698 879 709 -
889 674 968 741 189);
985 673 1087 746 denique

101 754 159 824 quia
171 768 202 808 ne
214 753 263 809 rita
273 753 370 823 quidem
380 758 422 808 aut
432 752 542 808 valetudo
554 753 683 808 innumeris
691 752 803 822 periculis
813 761 889 819 vacet,
899 772 1001 826 quorum
1013 773 1086 829 quum

101 837 215 907 princeps
226 837 251 892 in
263 837 338 891 ruinis
348 844 420 908 atque
437 837 552 891 incendiis
563 834 725 892 aedificiorum
737 844 846 893 cernatur
858 838 893 905 (v.
906 843 957 897 190
966 867 999 878 —
1011 847 1084 911 202),

101 929 175 991 poeta
186 919 235 976 boc
250 935 346 993 quoque
362 922 387 975 in
403 935 493 992 genere
505 920 647 975 deteriorem
663 936 795 992 paupemm
808 922 970 978 conditionem
986 924 1021 990 (v.
1034 930 1086 984 208

101 1007 213 1072 -222)
225 1004 423 1076 municipalisque
434 1005 578 1076 imgalitatis
589 1007 758 1075 praestantiam
768 1007 840 1062 iactat
853 1005 888 1074 (v.
904 1011 956 1064 223
966 1035 1001 1047 —
1010 1012 1083 1078 231),
1131 1008 1133 1012 ’

101 1087 161 1143 hinc
174 1104 232 1144 vero
243 1088 273 1144 ad
285 1087 369 1143 urbem
392 1103 501 1144 reversus
517 1090 609 1145 viarum
626 1091 753 1160 strepitum
769 1091 939 1163 angustiasque
956 1092 1086 1148 laborantis

102 1173 188 1227 turbae
200 1171 237 1240 (v.
248 1175 299 1230 232
309 1201 344 1212 -
353 1175 427 1240 253),
439 1172 514 1228 1666
525 1180 551 1228 61
560 1174 662 1228 vestium
673 1179 699 1229 et
708 1173 872 1230 membrorum
881 1175 1017 1233 discrimina
1028 1193 1084 1232 cum

100 1256 228 1311 hominum
246 1271 275 1311 ac
286 1256 446 1326 plaustrorum
461 1273 579 1312 concursu
591 1259 718 1313 coniuncta
734 1258 849 1331 graphiae
860 1259 974 1315 describit
985 1262 1020 1330 (r.
1032 1265 1083 1318 251

102 1371 142 1380 -—
151 1341 215 1409 267)
234 1355 279 1395 nec
290 1341 381 1396 minora
392 1341 470 1396 noctis
481 1342 586 1412 pericula
598 1343 636 1396 rel
648 1357 661 1396 6
671 1357 782 1397 uasorum
794 1357 850 1398 casu
862 1345 896 1412 (v.
909 1347 961 1402 268
969 1349 1051 1404 -27
1053 1348 1083 1414 7)

101 1424 138 1478 uel
152 1424 182 1480 ab
189 1425 309 1480 ebriomm
321 1425 451 1495 petulantia
458 1425 495 1492 (v.
504 1427 661 1494 278-301)
667 1426 705 1481 vel
716 1441 729 1480 6
740 1433 903 1498 grassatorum
913 1428 1005 1498 impetu
1016 1444 1084 1500 repe·

101 1509 131 1562 tit
144 1507 180 1576 (v.
193 1510 368 1579 302-314);
381 1525 464 1564 omnen
476 1515 557 1566 autem
571 1516 650 1580 partes
661 1515 697 1565 tot
708 1510 858 1582 singularum
868 1511 1001 1582 imaginum
1013 1513 1083 1568 lurni·

17 1605 18 1618 ¹
100 1591 172 1646 nibus
183 1592 370 1665 facetiarumquc
387 1595 476 1649 aculeis
486 1594 607 1659 distinxit,
620 1601 648 1648 ut
662 1594 722 1650 haec
732 1595 807 1649 satira
820 1595 890 1650 facile
907 1595 1011 1664 palmam
1021 1597 1083 1652 inter

102 1676 205 1746 reliquas
217 1677 317 1732 autent.
346 1677 449 1744 Quartae
460 1680 632 1744 oeconomiam,
646 1693 706 1750 quac
720 1678 798 1750 primo
809 1684 907 1749 aspectu
918 1680 1083 1736 inconcinuior

100 1760 175 1814 rideri
192 1761 281 1830 possit,
297 1762 358 1817 scite
369 1762 475 1818 defendit
485 1761 674 1835 thclsbachius
683 1765 707 1819 in
718 1762 804 1819 Philet.
817 1765 844 1818 T.
856 1763 902 1828 lll,
915 1779 939 1834 p.
951 1767 1003 1823 469
1014 1781 1081 1837 sqq.;

102 1843 169 1899 cuim
181 1859 254 1915 quum
265 1845 330 1914 prior
340 1861 394 1916 pars
408 1847 441 1915 (v.
454 1848 559 1915 1-33)
572 1848 596 1901 iu
603 1847 705 1918 Crispini
716 1848 763 1902 iarn
774 1846 824 1904 Sat.
837 1847 853 1904 1.
866 1849 900 1905 27
910 1851 994 1917 661611,
1009 1851 1081 1904 altera

100 1927 211 1997 inipsius
222 1927 351 1984 Domitiani
363 1930 546 2000 reprehensione
556 1937 677 2000 versetur,
693 1932 758 1987 illam
776 1926 904 1988 commode
919 1948 975 1988 cum
986 1935 1057 2004 prael
1069 1962 1080 1976 ·

102 2011 206 2066 tionibus
226 2013 276 2066 sive
296 2015 456 2080 epotatione
479 2016 667 2084 comparaveris,
693 2015 779 2087 quibus
801 2017 929 2071 recitantes
945 2018 984 2070 vel
1002 2019 1081 2073 decla·

101 2101 192 2150 mantes
203 2095 338 2151 auditorum
349 2098 441 2152 animos
456 2099 485 2153 ad
496 2098 603 2168 ipsomm
614 2105 752 2169 poematum
763 2099 927 2154 orationumve
938 2106 1080 2170 argumenta

18 2187 19 2190 ’
100 2193 241 2249 praeparare
250 2180 375 2244 solebant:
399 2182 444 2237 nisi
456 2181 520 2253 quod
537 2196 601 2236 nunc
611 2187 683 2253 poeta
694 2181 786 2238 Musam
799 2189 855 2252 post
867 2183 1038 2252 praefationem
1050 2185 1080 2240 arl

100 2263 227 2318 dicendum
238 2271 404 2336 emergentem
416 2265 541 2321 considere
555 2264 629 2329 iubet,
644 2264 756 2336 quianon
767 2265 847 2321 tabula
856 2266 899 2321 sed
909 2281 948 2322 res
958 2281 1014 2322 vera
1025 2283 1081 2322 nar.

99 2352 165 2401 retur
176 2345 212 2414 (r.
225 2348 259 2404 34
266 2375 303 2388 -
313 2351 370 2418 86).
396 2349 461 2405 llaec
470 2357 551 2405 autem
563 2350 587 2405 in
597 2350 687 2406 hlbana
697 2349 828 2406 Domitiani
840 2365 895 2406 arce
910 2351 996 2423 agitur,
1010 2353 1079 2406 cuius

98 2445 174 2500 uuper
185 2430 295 2504 reliquias
306 2432 407 2488 feliciter
418 2435 550 2505 repperisse
561 2435 662 2491 traditur
672 2434 736 2492 Rosa
747 2435 892 2491 architectus
902 2435 975 2491 ltalus
986 2437 1011 2490 in
1020 2435 1079 2491 Ger·

98 2512 165 2573 hard.
178 2513 239 2584 Eph.
252 2515 369 2574 archaeol.
390 2521 470 2582 1852,
484 2533 507 2588 p.
520 2522 571 2576 241
590 2525 615 2574 61
630 2519 693 2576 butt.
708 2519 761 2575 dell·
773 2519 850 2576 lustit.
862 2519 926 2575 arch.
939 2521 1014 2585 1853,
1026 2536 1050 2592 p.
1062 2524 1079 2578 6

97 2614 164 2670 sqq.;
181 2597 222 2654 nbi
233 2615 308 2671 quum
322 2601 427 2670 piscator
441 2603 605 2659 incomtanus
622 2619 688 2659 rarae
705 2603 877 2676 magnitudinis
893 2604 1021 2659 rhombum
1033 2604 1079 2659 im·

98 2682 201 2752 peratori
212 2682 276 2738 douo
287 2685 415 2740 obtulisset
426 2686 462 2754 (v.
471 2689 504 2743 37
515 2714 551 2725 -
561 2688 618 2756 71),
628 2687 669 2742 hic
680 2687 826 2758 reipublicae
843 2703 953 2758 proceres
964 2689 1079 2760 aulaeque

98 2765 216 2836 principes
229 2767 254 2820 iu
270 2768 397 2823 consilium
409 2770 533 2825 advocavit
543 2771 722 2837 deliberaturos,
740 2773 804 2842 quali
815 2772 895 2842 patina
906 2772 997 2843 piscem
1008 2773 1079 2843 coqui

98 2856 219 2919 oporteret
236 2851 271 2918 (v.
290 2853 452 2922 72-149),
464 2853 583 2925 huiusqne
600 2855 693 2910 consilii
709 2856 790 2925 specie
806 2855 923 2910 luvenalis
941 2855 1006 2927 ipsos
1024 2855 1078 2910 illos

96 2933 205 2988 homines
222 2935 364 2990 nominatim
381 2936 534 3009 depingendo
545 2939 583 2994 uel
596 2938 757 2994 lutilissimum
777 2944 947 3010 argumentum
964 2938 1079 3008 praeclari

98 3016 187 3088 ingenii
202 3019 291 3074 virtute
309 3021 560 3090 insplendidissimam
576 3028 712 3094 tempomm
734 3022 865 3094 imaginem
884 3022 991 3077 converti
1008 3036 1080 3091 posse

98 3101 208 3159 ostendit.
242 3101 345 3168 Quintm
360 3105 447 3161 satirae
464 3105 626 3176 principaliter
642 3106 691 3162 hnc
707 3107 856 3177 propositum
875 3113 924 3172 est,
943 3113 971 3160 ut
981 3106 1079 3177 ancipiti

100 3199 209 3250 censura,
224 3188 288 3258 quali
298 3188 440 3260 plemmque
452 3189 569 3245 luvenalis
581 3191 663 3255 ulitur,
676 3191 844 3261 opulentomm
855 3189 981 3246 hominum
995 3191 1080 3247 sordes

98 3273 122 3323 et
132 3268 247 3326 cliemum
257 3271 373 3328 tilitatem
382 3279 454 3340 unet,
468 3274 509 3345 qui
520 3289 594 3345 quum
606 3274 636 3330 ab
647 3275 693 3330 illis
704 3275 733 3330 ad
740 3289 840 3330 coenam
852 3274 951 3330 adhibiti
962 3274 1079 3346 indignis·

98 3352 154 3407 sima
166 3352 334 3426 inaequalitate
344 3363 490 3424 tractentur,
506 3363 587 3414 161666
608 3363 631 3412 61
642 3358 685 3414 has
699 3359 796 3414 iniurias
812 3364 837 3412 et
852 3359 943 3430 reliqua
955 3358 1080 3413 clientelae

98 3435 248 3493 incommoda
260 3439 335 3510 ipsius
347 3455 437 3496 coenae
447 3441 554 3512 quantus
564 3457 631 3496 rarae
641 3457 684 3512 spe
695 3442 776 3514 aequis
787 3442 873 3497 animis
885 3442 976 3501 seranta
995 3442 1078 3496 eadem

101 3522 196 3577 renouel
210 3537 238 3576 ea
244 3537 271 3578 re
278 3524 426 3595 antiquitatis
432 3525 567 3581 studiosum
580 3526 695 3591 advertit,
708 3527 763 3596 quia
772 3525 859 3580 veteris
870 3539 959 3581 coenae
970 3523 1078 3578 ordinem

99 3601 207 3676 legitimo
218 3605 322 3662 decursu
337 3609 445 3680 sequitur
460 3609 660 3682 singulorumque
677 3608 822 3664 serculorum
838 3608 905 3664 uelut
915 3613 983 3663 actus
992 3611 1077 3678 poetae
