2600 4006
216 229 256 290 20
546 244 571 293 n.
599 243 668 290 run.
688 241 873 290 ruvnunnrs

217 383 325 456 Quales
348 390 415 441 tunc
436 382 537 462 epulas
558 382 651 460 ipsum
673 382 808 459 gluttisse
830 388 961 459 putamus

215 467 469 544 luduperatorem,
494 483 580 543 quum
606 475 648 525 tot
670 467 821 540 sestertia,
844 472 955 542 partem

216 550 357 627 Exiguam
381 558 410 608 et
431 549 562 609 modicae
586 559 727 628 sumptam
749 548 785 608 de
808 550 937 624 margine
960 566 1081 626 coenae,
1168 560 1206 614 30

217 635 381 712 Purpureus
404 634 497 709 magni
520 635 640 693 ructarit
663 651 762 692 scurra
787 631 886 706 Palati,

216 717 274 776 lam
298 718 434 795 princeps
457 717 601 794 equitum,
625 734 727 794 magna
751 717 799 795 qui
821 732 897 774 voce
919 715 1036 776 solebat

216 800 353 861 Vendere
375 800 535 877 municipes
557 800 650 860 fracta
672 801 708 860 de
729 816 827 859 merce
851 796 980 858 siluros?

216 884 332 962 incipe,
357 881 506 961 Calliope,
529 883 599 943 licet
622 893 651 942 et
676 884 846 944 considere:
868 899 926 944 non
951 892 997 942 est

218 966 410 1042 Gautandum,
432 985 482 1027 res
504 985 573 1027 vera
597 969 706 1044 agitur;
729 974 861 1040 narrate,
884 966 1014 1044 puellae

218 1051 364 1116 Pierides;
388 1051 481 1128 prosit
504 1050 571 1110 mibi
591 1068 645 1110 vos
668 1049 776 1110 dixisse
801 1048 931 1128 puellas!

261 1133 353 1206 Quum
375 1135 431 1193 iam
455 1134 649 1193 semianimum
671 1134 816 1194 laceraret
838 1131 955 1192 Flavius
977 1132 1077 1193 orbem

218 1217 356 1291 Ultimus,
381 1225 410 1275 et
433 1217 517 1278 calvo
543 1219 667 1277 serviret
689 1217 780 1277 Roma
802 1216 922 1292 Neroni,

217 1301 320 1361 Incidit
344 1299 461 1360 Adriani
485 1302 607 1379 spatium
629 1300 797 1368 admirabile
819 1299 931 1360 rhombi
1242 1349 1246 1354 .

164 1385 167 1390 ⁴
219 1384 294 1444 Ante
317 1384 430 1444 domum
454 1383 594 1460 Veneris,
622 1403 706 1463 quam
727 1384 835 1450 Dorica
858 1385 979 1444 sustinet
1002 1385 1114 1460 Ancon,
1172 1397 1207 1448 40

218 1468 411 1547 Implevitque
436 1470 529 1536 sinus;
556 1486 612 1528 nec
634 1471 709 1528 enirn
731 1471 822 1528 minor
844 1468 979 1528 haeserat
1001 1468 1070 1544 illis,

220 1552 301 1625 Quos
325 1553 420 1630 operit
441 1552 553 1629 glacies
577 1551 722 1612 Maeotica
743 1562 886 1631 ruptaque
906 1552 1021 1612 tandem

220 1635 338 1695 Solibus
363 1635 482 1695 effundit
505 1637 641 1696 torrentis
663 1636 699 1696 ad
723 1638 796 1695 ostia
820 1635 913 1710 Ponti,
980 1686 982 1692 .

220 1719 339 1779 Desidia
362 1718 461 1778 tardos
483 1728 512 1778 et
538 1719 628 1796 longo
651 1720 762 1796 frigore
784 1720 917 1797 pingues.

219 1802 352 1862 Destinat
373 1803 430 1862 hoc
453 1813 610 1862 monstrum
633 1802 752 1878 cymbae
774 1803 882 1881 linique
903 1804 1040 1880 magister
1087 1853 1089 1857 .

220 1885 351 1946 Pontifici
371 1903 494 1944 summo.
541 1885 612 1960 Quis
637 1887 710 1946 enim
732 1903 899 1965 proponere
922 1886 1009 1946 talem

220 1970 279 2028 Aut
301 1986 398 2029 emere
421 1969 557 2045 auderet,
582 1989 668 2050 quum
691 1969 776 2048 plena
797 1979 824 2029 et
846 1970 932 2030 litora
954 1971 1044 2032 multo

220 2053 361 2113 Delatore
383 2053 502 2113 forent?
529 2054 655 2133 dispersi
677 2055 806 2131 protinus
829 2054 915 2130 algae

141 2171 143 2176 ι
219 2137 410 2216 Inquisitores
423 2146 545 2214 agerent
569 2155 632 2199 cum
657 2139 768 2215 remige
791 2139 878 2202 nudo.

220 2219 285 2279 Non
307 2220 460 2281 dubitaturi
485 2221 635 2298 fugitivum
656 2221 757 2281 dicere
782 2223 893 2301 piscem

220 2303 438 2382 Depastumque
461 2304 508 2364 diu
529 2307 638 2364 vivaria
661 2301 795 2370 Caesaris
819 2306 885 2365 inde

220 2386 360 2466 Elapsum
381 2395 511 2447 veterem
535 2389 571 2448 ad
593 2388 736 2454 dominum
757 2387 866 2448 debere
888 2389 1006 2448 reverti.

221 2472 252 2530 Si
275 2471 342 2549 quid
364 2469 508 2547 Palfurio,
533 2473 557 2530 si
579 2470 722 2532 credimus
745 2472 909 2543 Armillato,

222 2553 365 2632 Quidquid
387 2556 575 2633 conspicuum
597 2554 805 2634 pulchrumque
823 2565 868 2615 est
890 2572 1020 2634 aequore
1042 2563 1116 2630 toto,

221 2637 282 2697 lies
306 2637 368 2697 Asci
390 2646 451 2712 est,
475 2637 648 2716 ubicumque
671 2648 765 2700 natat:
788 2638 940 2700 donabitur
963 2655 1047 2716 ergo,

221 2721 266 2781 Ne
288 2729 401 2800 pereat.
447 2721 506 2782 lam
529 2722 646 2782 letifero
670 2722 792 2783 cedente
817 2723 926 2802 pruinis

221 2805 381 2881 Autumno,
404 2807 460 2866 iam
485 2817 651 2885 quartanam
673 2806 856 2885 sperantibus
880 2807 989 2888 aegris,

221 2888 370 2949 stridebat
395 2889 534 2950 deformis
557 2892 647 2956 hiems
666 2890 865 2969 praedamque
890 2900 1038 2966 recentem

221 2971 379 3033 Servabat:
404 2982 499 3034 tamen
522 2975 570 3036 hic
591 2983 748 3054 properat,
770 2975 850 3034 velut
872 2982 975 3052 urgeat
1001 2982 1108 3032 auster.

221 3055 317 3134 thue
345 3055 426 3116 lacus
448 3058 599 3132 suberant,
623 3056 671 3117 ubi
694 3075 863 3137 quamquam
886 3059 978 3126 diruta
1001 3067 1099 3117 servat

221 3139 321 3216 lgnem
344 3138 497 3201 Troianum
521 3150 550 3201 et
571 3140 690 3200 Vestam
714 3142 783 3201 colit
808 3141 884 3202 Alba
907 3144 1055 3206 minorem,

223 3221 340 3283 Obstitit
362 3225 476 3286 intranti
497 3226 625 3285 miratrix
647 3224 730 3284 turba
753 3244 923 3304 parumper;

223 3306 260 3366 Ut
286 3310 390 3384 cessit,
415 3308 495 3370 facili
518 3316 670 3385 patuerunt
694 3309 811 3369 cardine
832 3310 953 3378 valvae;

223 3389 343 3452 Exclusi
366 3400 499 3469 spectant
521 3391 645 3450 admissa
669 3391 789 3452 obsonia
814 3403 921 3472 patres.

108 3555 114 3564 .
151 3499 183 3568 υς
209 3472 281 3548 ςΙιιπ
304 3475 338 3534 ad
361 3473 504 3540 Atriden:
528 3482 586 3533 turn
609 3473 728 3536 Picens:
755 3475 884 3555 Accipe,
907 3476 989 3558 dixit,
