<?xml version="1.0" encoding="UTF-8"?>
<!DOCTYPE html PUBLIC "-//W3C//DTD XHTML 1.0 Transitional//EN"
    "http://www.w3.org/TR/xhtml1/DTD/xhtml1-transitional.dtd">
<html xmlns="http://www.w3.org/1999/xhtml" xml:lang="en" lang="en">
 <head>
  <title>
</title>
<meta http-equiv="Content-Type" content="text/html;charset=utf-8" />
  <meta name='ocr-system' content='tesseract 3.04.00' />
  <meta name='ocr-capabilities' content='ocr_page ocr_carea ocr_par ocr_line ocrx_word'/>
</head>
<body>
  <div class='ocr_page' id='page_1' title='image "./satirarumlibriq03juvegoog_0106.png"; bbox 0 0 2626 4006; ppageno 0'>
   <div class='ocr_carea' id='block_1_1' title="bbox 475 216 1140 276">
    <p class='ocr_par' dir='ltr' id='par_1_1' title="bbox 475 216 1140 276">
     <span class='ocr_line' id='line_1_1' title="bbox 475 216 1140 276; baseline 0.006 -3"><span class='ocrx_word' id='word_1_1' title='bbox 475 225 599 273; x_wconf 78' lang='lat' dir='ltr'>sauram</span> <span class='ocrx_word' id='word_1_2' title='bbox 621 226 669 273; x_wconf 81' lang='lat' dir='ltr'>rx.</span> <span class='ocrx_word' id='word_1_3' title='bbox 1050 216 1090 276; x_wconf 75' lang='lat'>63</span> <span class='ocrx_word' id='word_1_4' title='bbox 1131 247 1140 264; x_wconf 83' lang='lat'><strong>·</strong></span> 
     </span>
    </p>
   </div>
   <div class='ocr_carea' id='block_1_2' title="bbox 103 362 1090 1026">
    <p class='ocr_par' dir='ltr' id='par_1_2' title="bbox 106 362 1090 526">
     <span class='ocr_line' id='line_1_2' title="bbox 107 362 1090 441; baseline 0.003 -17"><span class='ocrx_word' id='word_1_5' title='bbox 107 364 179 424; x_wconf 85' lang='lat' dir='ltr'>Vela</span> <span class='ocrx_word' id='word_1_6' title='bbox 200 371 301 441; x_wconf 77' lang='lat' dir='ltr'>tegant</span> <span class='ocrx_word' id='word_1_7' title='bbox 321 363 425 439; x_wconf 90' lang='lat' dir='ltr'>rimas,</span> <span class='ocrx_word' id='word_1_8' title='bbox 447 363 534 441; x_wconf 79' lang='lat' dir='ltr'>iunge</span> <span class='ocrx_word' id='word_1_9' title='bbox 558 365 648 440; x_wconf 87' lang='lat' dir='ltr'>ostia,</span> <span class='ocrx_word' id='word_1_10' title='bbox 667 363 760 424; x_wconf 90' lang='lat' dir='ltr'>tollite</span> <span class='ocrx_word' id='word_1_11' title='bbox 779 362 886 438; x_wconf 84' lang='lat' dir='ltr'>lumen,</span> <span class='ocrx_word' id='word_1_12' title='bbox 1041 379 1090 428; x_wconf 81' lang='lat'>105</span> 
     </span>
     <span class='ocr_line' id='line_1_3' title="bbox 106 447 972 526; baseline 0.001 -18"><span class='ocrx_word' id='word_1_13' title='bbox 106 447 131 508; x_wconf 82' lang='lat' dir='ltr'>tt</span> <span class='ocrx_word' id='word_1_14' title='bbox 151 448 247 508; x_wconf 90' lang='lat' dir='ltr'>medio</span> <span class='ocrx_word' id='word_1_15' title='bbox 271 447 337 506; x_wconf 84' lang='lat' dir='ltr'>face</span> <span class='ocrx_word' id='word_1_16' title='bbox 359 455 425 505; x_wconf 91' lang='lat' dir='ltr'>eant</span> <span class='ocrx_word' id='word_1_17' title='bbox 446 464 561 522; x_wconf 86' lang='lat' dir='ltr'>omnes,</span> <span class='ocrx_word' id='word_1_18' title='bbox 584 464 678 526; x_wconf 82' lang='lat' dir='ltr'>prope</span> <span class='ocrx_word' id='word_1_19' title='bbox 702 462 786 506; x_wconf 88' lang='lat' dir='ltr'>nemo</span> <span class='ocrx_word' id='word_1_20' title='bbox 807 447 972 509; x_wconf 76' lang='lat' dir='ltr'>recumbat:</span> 
     </span>
    </p>

    <p class='ocr_par' dir='ltr' id='par_1_3' title="bbox 107 529 905 608">
     <span class='ocr_line' id='line_1_4' title="bbox 107 529 905 608; baseline -0.004 -17"><span class='ocrx_word' id='word_1_21' title='bbox 107 530 189 604; x_wconf 84' lang='lat' dir='ltr'>Quod</span> <span class='ocrx_word' id='word_1_22' title='bbox 212 539 308 591; x_wconf 90' lang='lat' dir='ltr'>tamen</span> <span class='ocrx_word' id='word_1_23' title='bbox 331 529 367 589; x_wconf 93' lang='lat' dir='ltr'>ad</span> <span class='ocrx_word' id='word_1_24' title='bbox 390 539 501 590; x_wconf 91' lang='lat' dir='ltr'>cantum</span> <span class='ocrx_word' id='word_1_25' title='bbox 523 530 593 608; x_wconf 82' lang='lat' dir='ltr'>galli</span> <span class='ocrx_word' id='word_1_26' title='bbox 614 531 683 592; x_wconf 84' lang='lat' dir='ltr'>facit</span> <span class='ocrx_word' id='word_1_27' title='bbox 703 530 753 590; x_wconf 91' lang='lat' dir='ltr'>ille</span> <span class='ocrx_word' id='word_1_28' title='bbox 776 530 905 606; x_wconf 85' lang='lat' dir='ltr'>secundi,</span> 
     </span>
    </p>

    <p class='ocr_par' dir='ltr' id='par_1_4' title="bbox 105 612 932 776">
     <span class='ocr_line' id='line_1_5' title="bbox 106 612 932 693; baseline -0.001 -18"><span class='ocrx_word' id='word_1_29' title='bbox 106 615 255 675; x_wconf 85' lang='lat' dir='ltr'>Proximus</span> <span class='ocrx_word' id='word_1_30' title='bbox 278 623 344 673; x_wconf 91' lang='lat' dir='ltr'>ante</span> <span class='ocrx_word' id='word_1_31' title='bbox 366 612 441 674; x_wconf 92' lang='lat' dir='ltr'>diem</span> <span class='ocrx_word' id='word_1_32' title='bbox 464 631 557 693; x_wconf 80' lang='lat' dir='ltr'>caupo</span> <span class='ocrx_word' id='word_1_33' title='bbox 579 615 669 680; x_wconf 90' lang='lat' dir='ltr'>sciet;</span> <span class='ocrx_word' id='word_1_34' title='bbox 691 614 788 674; x_wconf 78' lang='lat' dir='ltr'><strong>audiet</strong></span> <span class='ocrx_word' id='word_1_35' title='bbox 809 622 839 674; x_wconf 90' lang='lat' dir='ltr'>et</span> <span class='ocrx_word' id='word_1_36' title='bbox 858 633 932 693; x_wconf 91' lang='lat' dir='ltr'>quae</span> 
     </span>
     <span class='ocr_line' id='line_1_6' title="bbox 105 696 777 776; baseline -0.003 -19"><span class='ocrx_word' id='word_1_37' title='bbox 105 697 261 757; x_wconf 82' lang='lat' dir='ltr'>Finxerunt</span> <span class='ocrx_word' id='word_1_38' title='bbox 278 697 388 776; x_wconf 91' lang='lat' dir='ltr'>pariter</span> <span class='ocrx_word' id='word_1_39' title='bbox 409 696 558 772; x_wconf 79' lang='lat' dir='ltr'>librarius,</span> <span class='ocrx_word' id='word_1_40' title='bbox 583 697 777 775; x_wconf 78' lang='lat' dir='ltr'><strong>archimagiri,</strong></span> 
     </span>
    </p>

    <p class='ocr_par' dir='ltr' id='par_1_5' title="bbox 104 779 1090 941">
     <span class='ocr_line' id='line_1_7' title="bbox 106 779 1090 860; baseline 0.005 -19"><span class='ocrx_word' id='word_1_41' title='bbox 106 779 274 860; x_wconf 75' lang='lat' dir='ltr'><strong>carptores.</strong></span> <span class='ocrx_word' id='word_1_42' title='bbox 310 779 395 854; x_wconf 83' lang='lat' dir='ltr'>Quod</span> <span class='ocrx_word' id='word_1_43' title='bbox 416 781 489 846; x_wconf 88' lang='lat' dir='ltr'>enim</span> <span class='ocrx_word' id='word_1_44' title='bbox 510 780 638 841; x_wconf 89' lang='lat' dir='ltr'>dubitant</span> <span class='ocrx_word' id='word_1_45' title='bbox 660 797 837 860; x_wconf 88' lang='lat' dir='ltr'>componere</span> <span class='ocrx_word' id='word_1_46' title='bbox 861 782 968 841; x_wconf 92' lang='lat' dir='ltr'>crimen</span> <span class='ocrx_word' id='word_1_47' title='bbox 1040 795 1090 846; x_wconf 85' lang='lat'>110</span> 
     </span>
     <span class='ocr_line' id='line_1_8' title="bbox 104 863 822 941; baseline -0.004 -16"><span class='ocrx_word' id='word_1_48' title='bbox 104 865 135 925; x_wconf 88' lang='lat' dir='ltr'>ln</span> <span class='ocrx_word' id='word_1_49' title='bbox 155 865 305 941; x_wconf 89' lang='lat' dir='ltr'>dominos,</span> <span class='ocrx_word' id='word_1_50' title='bbox 329 866 442 941; x_wconf 91' lang='lat' dir='ltr'>quoties</span> <span class='ocrx_word' id='word_1_51' title='bbox 462 864 624 924; x_wconf 91' lang='lat' dir='ltr'>rumoribus</span> <span class='ocrx_word' id='word_1_52' title='bbox 644 863 822 924; x_wconf 88' lang='lat' dir='ltr'>ulciscuntur</span> 
     </span>
    </p>

    <p class='ocr_par' dir='ltr' id='par_1_6' title="bbox 103 945 924 1026">
     <span class='ocr_line' id='line_1_9' title="bbox 103 945 924 1026; baseline 0.002 -19"><span class='ocrx_word' id='word_1_53' title='bbox 103 945 224 1008; x_wconf 81' lang='lat' dir='ltr'>Baltea?</span> <span class='ocrx_word' id='word_1_54' title='bbox 246 965 302 1008; x_wconf 94' lang='lat' dir='ltr'>nec</span> <span class='ocrx_word' id='word_1_55' title='bbox 325 947 435 1026; x_wconf 86' lang='lat' dir='ltr'>deerit,</span> <span class='ocrx_word' id='word_1_56' title='bbox 460 949 557 1026; x_wconf 91' lang='lat' dir='ltr'>quite</span> <span class='ocrx_word' id='word_1_57' title='bbox 580 965 634 1026; x_wconf 91' lang='lat' dir='ltr'>per</span> <span class='ocrx_word' id='word_1_58' title='bbox 656 949 780 1026; x_wconf 88' lang='lat' dir='ltr'>compita</span> <span class='ocrx_word' id='word_1_59' title='bbox 805 957 924 1025; x_wconf 89' lang='lat' dir='ltr'>quaerat</span> 
     </span>
    </p>
   </div>
   <div class='ocr_carea' id='block_1_3' title="bbox 18 1029 882 1102">
    <p class='ocr_par' dir='ltr' id='par_1_7' title="bbox 18 1029 882 1102">
     <span class='ocr_line' id='line_1_10' title="bbox 18 1029 882 1102; baseline 0 -12"><span class='ocrx_word' id='word_1_60' title='bbox 18 1094 24 1099; x_wconf 67' lang='grc'>,</span> <span class='ocrx_word' id='word_1_61' title='bbox 103 1029 258 1092; x_wconf 81' lang='lat' dir='ltr'>Nolentem</span> <span class='ocrx_word' id='word_1_62' title='bbox 281 1040 310 1092; x_wconf 91' lang='lat' dir='ltr'>et</span> <span class='ocrx_word' id='word_1_63' title='bbox 331 1032 465 1102; x_wconf 89' lang='lat' dir='ltr'>miseram</span> <span class='ocrx_word' id='word_1_64' title='bbox 487 1033 606 1091; x_wconf 90' lang='lat' dir='ltr'>vinosus</span> <span class='ocrx_word' id='word_1_65' title='bbox 626 1031 750 1091; x_wconf 91' lang='lat' dir='ltr'>inebriet</span> <span class='ocrx_word' id='word_1_66' title='bbox 776 1049 882 1090; x_wconf 88' lang='lat' dir='ltr'>aurern.</span> 
     </span>
    </p>
   </div>
   <div class='ocr_carea' id='block_1_4' title="bbox 99 1106 1087 1777">
    <p class='ocr_par' dir='ltr' id='par_1_8' title="bbox 102 1106 883 1194">
     <span class='ocr_line' id='line_1_11' title="bbox 102 1106 883 1194; baseline -0.001 -20"><span class='ocrx_word' id='word_1_67' title='bbox 102 1113 173 1174; x_wconf 89' lang='lat' dir='ltr'>Illos</span> <span class='ocrx_word' id='word_1_68' title='bbox 194 1131 266 1192; x_wconf 75' lang='lat' dir='ltr'>ergo</span> <span class='ocrx_word' id='word_1_69' title='bbox 286 1131 390 1192; x_wconf 78' lang='lat' dir='ltr'>roges,</span> <span class='ocrx_word' id='word_1_70' title='bbox 414 1106 550 1194; x_wconf 89' lang='lat' dir='ltr'>quidquid</span> <span class='ocrx_word' id='word_1_71' title='bbox 570 1115 657 1194; x_wconf 92' lang='lat' dir='ltr'>paulo</span> <span class='ocrx_word' id='word_1_72' title='bbox 675 1123 741 1175; x_wconf 90' lang='lat' dir='ltr'>ante</span> <span class='ocrx_word' id='word_1_73' title='bbox 761 1114 883 1194; x_wconf 90' lang='lat' dir='ltr'>petebas</span> 
     </span>
    </p>

    <p class='ocr_par' dir='ltr' id='par_1_9' title="bbox 101 1196 1087 1361">
     <span class='ocr_line' id='line_1_12' title="bbox 103 1196 1087 1278; baseline -0.001 -21"><span class='ocrx_word' id='word_1_74' title='bbox 103 1197 139 1257; x_wconf 82' lang='lat' dir='ltr'>A·</span> <span class='ocrx_word' id='word_1_75' title='bbox 149 1196 248 1266; x_wconf 88' lang='lat' dir='ltr'>nobis;</span> <span class='ocrx_word' id='word_1_76' title='bbox 272 1207 389 1259; x_wconf 88' lang='lat' dir='ltr'>taceant</span> <span class='ocrx_word' id='word_1_77' title='bbox 407 1197 465 1258; x_wconf 92' lang='lat' dir='ltr'>illi:</span> <span class='ocrx_word' id='word_1_78' title='bbox 488 1199 541 1258; x_wconf 94' lang='lat' dir='ltr'>sed</span> <span class='ocrx_word' id='word_1_79' title='bbox 562 1198 689 1278; x_wconf 85' lang='lat' dir='ltr'>prodere</span> <span class='ocrx_word' id='word_1_80' title='bbox 711 1198 818 1258; x_wconf 91' lang='lat' dir='ltr'>malunt</span> <span class='ocrx_word' id='word_1_81' title='bbox 1039 1215 1087 1265; x_wconf 83' lang='lat'>115</span> 
     </span>
     <span class='ocr_line' id='line_1_13' title="bbox 101 1281 786 1361; baseline 0 -21"><span class='ocrx_word' id='word_1_82' title='bbox 101 1281 261 1357; x_wconf 80' lang='lat' dir='ltr'>Arearum,</span> <span class='ocrx_word' id='word_1_83' title='bbox 286 1299 369 1359; x_wconf 86' lang='lat' dir='ltr'>quarn</span> <span class='ocrx_word' id='word_1_84' title='bbox 394 1281 523 1361; x_wconf 83' lang='lat' dir='ltr'>subrepti</span> <span class='ocrx_word' id='word_1_85' title='bbox 546 1291 649 1361; x_wconf 90' lang='lat' dir='ltr'>potare</span> <span class='ocrx_word' id='word_1_86' title='bbox 670 1281 786 1342; x_wconf 86' lang='lat' dir='ltr'><strong>Falerni</strong></span> 
     </span>
    </p>

    <p class='ocr_par' dir='ltr' id='par_1_10' title="bbox 99 1363 1018 1610">
     <span class='ocr_line' id='line_1_14' title="bbox 100 1363 978 1444; baseline -0.003 -18"><span class='ocrx_word' id='word_1_87' title='bbox 100 1363 157 1426; x_wconf 92' lang='lat' dir='ltr'>Pro</span> <span class='ocrx_word' id='word_1_88' title='bbox 182 1364 293 1443; x_wconf 86' lang='lat' dir='ltr'>populo</span> <span class='ocrx_word' id='word_1_89' title='bbox 315 1365 426 1426; x_wconf 88' lang='lat' dir='ltr'>iaciens</span> <span class='ocrx_word' id='word_1_90' title='bbox 450 1374 584 1444; x_wconf 88' lang='lat' dir='ltr'>quantum</span> <span class='ocrx_word' id='word_1_91' title='bbox 608 1365 725 1425; x_wconf 77' lang='lat' dir='ltr'>Saufeia</span> <span class='ocrx_word' id='word_1_92' title='bbox 746 1363 872 1424; x_wconf 77' lang='lat' dir='ltr'><strong>bibebat.</strong></span> <span class='ocrx_word' id='word_1_93' title='bbox 975 1375 978 1383; x_wconf 81' lang='grc'><strong>“</strong></span> 
     </span>
     <span class='ocr_line' id='line_1_15' title="bbox 100 1447 1018 1528; baseline 0.003 -22"><span class='ocrx_word' id='word_1_94' title='bbox 100 1447 261 1509; x_wconf 76' lang='lat' dir='ltr'>vivendum</span> <span class='ocrx_word' id='word_1_95' title='bbox 287 1457 368 1509; x_wconf 90' lang='lat' dir='ltr'>recte</span> <span class='ocrx_word' id='word_1_96' title='bbox 392 1457 451 1524; x_wconf 88' lang='lat' dir='ltr'>est,</span> <span class='ocrx_word' id='word_1_97' title='bbox 481 1457 566 1528; x_wconf 88' lang='lat' dir='ltr'>quuin</span> <span class='ocrx_word' id='word_1_98' title='bbox 588 1457 710 1528; x_wconf 91' lang='lat' dir='ltr'>propter</span> <span class='ocrx_word' id='word_1_99' title='bbox 730 1447 868 1525; x_wconf 81' lang='lat' dir='ltr'>plurima,</span> <span class='ocrx_word' id='word_1_100' title='bbox 891 1457 948 1508; x_wconf 92' lang='lat' dir='ltr'>tum</span> <span class='ocrx_word' id='word_1_101' title='bbox 972 1451 1018 1509; x_wconf 89' lang='lat' dir='ltr'>rel</span> 
     </span>
     <span class='ocr_line' id='line_1_16' title="bbox 99 1529 853 1610; baseline -0.003 -20"><span class='ocrx_word' id='word_1_102' title='bbox 99 1529 214 1591; x_wconf 90' lang='lat' dir='ltr'>Idcirco</span> <span class='ocrx_word' id='word_1_103' title='bbox 236 1541 265 1591; x_wconf 92' lang='lat' dir='ltr'>ut</span> <span class='ocrx_word' id='word_1_104' title='bbox 289 1533 386 1610; x_wconf 87' lang='lat' dir='ltr'>possis</span> <span class='ocrx_word' id='word_1_105' title='bbox 410 1531 535 1609; x_wconf 83' lang='lat' dir='ltr'>linguam</span> <span class='ocrx_word' id='word_1_106' title='bbox 556 1540 742 1592; x_wconf 79' lang='lat' dir='ltr'>contemnere</span> <span class='ocrx_word' id='word_1_107' title='bbox 766 1533 853 1590; x_wconf 85' lang='lat' dir='ltr'>servi.</span> 
     </span>
    </p>

    <p class='ocr_par' dir='ltr' id='par_1_11' title="bbox 100 1613 1087 1777">
     <span class='ocr_line' id='line_1_17' title="bbox 100 1613 1087 1693; baseline -0.001 -20"><span class='ocrx_word' id='word_1_108' title='bbox 100 1613 264 1693; x_wconf 85' lang='lat' dir='ltr'>Praecipue</span> <span class='ocrx_word' id='word_1_109' title='bbox 289 1633 361 1676; x_wconf 83' lang='lat' dir='ltr'>cave</span> <span class='ocrx_word' id='word_1_110' title='bbox 385 1617 440 1691; x_wconf 86' lang='lat' dir='ltr'>sis,</span> <span class='ocrx_word' id='word_1_111' title='bbox 463 1625 494 1674; x_wconf 89' lang='lat' dir='ltr'>ut</span> <span class='ocrx_word' id='word_1_112' title='bbox 514 1616 627 1693; x_wconf 77' lang='lat' dir='ltr'>linguas</span> <span class='ocrx_word' id='word_1_113' title='bbox 648 1615 854 1692; x_wconf 78' lang='lat' dir='ltr'>mancipiorum</span> <span class='ocrx_word' id='word_1_114' title='bbox 1036 1629 1087 1680; x_wconf 74' lang='lat' dir='ltr'>lto</span> 
     </span>
     <span class='ocr_line' id='line_1_18' title="bbox 102 1694 946 1777; baseline 0.002 -21"><span class='ocrx_word' id='word_1_115' title='bbox 102 1694 293 1766; x_wconf 75' lang='lat' dir='ltr'>Contemnes:</span> <span class='ocrx_word' id='word_1_116' title='bbox 320 1717 383 1759; x_wconf 92' lang='lat' dir='ltr'>narn</span> <span class='ocrx_word' id='word_1_117' title='bbox 406 1698 503 1776; x_wconf 80' lang='lat' dir='ltr'>lingua</span> <span class='ocrx_word' id='word_1_118' title='bbox 524 1699 591 1758; x_wconf 91' lang='lat' dir='ltr'>mali</span> <span class='ocrx_word' id='word_1_119' title='bbox 610 1717 680 1777; x_wconf 91' lang='lat' dir='ltr'>pars</span> <span class='ocrx_word' id='word_1_120' title='bbox 702 1699 827 1777; x_wconf 90' lang='lat' dir='ltr'>pessima</span> <span class='ocrx_word' id='word_1_121' title='bbox 855 1699 946 1765; x_wconf 76' lang='lat' dir='ltr'>servi:</span> 
     </span>
    </p>
   </div>
   <div class='ocr_carea' id='block_1_5' title="bbox 8 1779 852 1860">
    <p class='ocr_par' dir='ltr' id='par_1_12' title="bbox 8 1779 852 1860">
     <span class='ocr_line' id='line_1_19' title="bbox 8 1779 852 1860; baseline 0 -20"><span class='ocrx_word' id='word_1_122' title='bbox 8 1793 15 1820; x_wconf 61' lang='lat' dir='ltr'>t</span> <span class='ocrx_word' id='word_1_123' title='bbox 44 1779 47 1787; x_wconf 90' lang='lat'>&#39;</span> <span class='ocrx_word' id='word_1_124' title='bbox 99 1779 239 1841; x_wconf 85' lang='lat' dir='ltr'>Deterior</span> <span class='ocrx_word' id='word_1_125' title='bbox 259 1791 354 1842; x_wconf 91' lang='lat' dir='ltr'>tamen</span> <span class='ocrx_word' id='word_1_126' title='bbox 375 1782 438 1858; x_wconf 77' lang='lat' dir='ltr'>bic,</span> <span class='ocrx_word' id='word_1_127' title='bbox 460 1783 508 1860; x_wconf 92' lang='lat' dir='ltr'>qui</span> <span class='ocrx_word' id='word_1_128' title='bbox 530 1782 606 1842; x_wconf 87' lang='lat' dir='ltr'>tiber</span> <span class='ocrx_word' id='word_1_129' title='bbox 627 1799 686 1841; x_wconf 92' lang='lat' dir='ltr'>nou</span> <span class='ocrx_word' id='word_1_130' title='bbox 709 1784 763 1842; x_wconf 95' lang='lat' dir='ltr'>erit</span> <span class='ocrx_word' id='word_1_131' title='bbox 784 1781 852 1856; x_wconf 89' lang='lat' dir='ltr'>illis,</span> 
     </span>
    </p>
   </div>
   <div class='ocr_carea' id='block_1_6' title="bbox 86 1861 1084 3527">
    <p class='ocr_par' dir='ltr' id='par_1_13' title="bbox 100 1861 891 1935">
     <span class='ocr_line' id='line_1_20' title="bbox 100 1861 891 1935; baseline -0.001 -11"><span class='ocrx_word' id='word_1_132' title='bbox 100 1861 230 1935; x_wconf 85' lang='lat' dir='ltr'>Quorum</span> <span class='ocrx_word' id='word_1_133' title='bbox 254 1868 360 1925; x_wconf 90' lang='lat' dir='ltr'>animas</span> <span class='ocrx_word' id='word_1_134' title='bbox 383 1875 412 1925; x_wconf 90' lang='lat' dir='ltr'>et</span> <span class='ocrx_word' id='word_1_135' title='bbox 436 1866 513 1925; x_wconf 86' lang='lat' dir='ltr'>farre</span> <span class='ocrx_word' id='word_1_136' title='bbox 536 1883 588 1925; x_wconf 90' lang='lat' dir='ltr'>suo</span> <span class='ocrx_word' id='word_1_137' title='bbox 614 1866 738 1926; x_wconf 85' lang='lat' dir='ltr'>custodit</span> <span class='ocrx_word' id='word_1_138' title='bbox 762 1875 791 1925; x_wconf 93' lang='lat' dir='ltr'>et</span> <span class='ocrx_word' id='word_1_139' title='bbox 812 1883 891 1925; x_wconf 89' lang='lat' dir='ltr'>aere.</span> 
     </span>
    </p>

    <p class='ocr_par' dir='ltr' id='par_1_14' title="bbox 86 1948 1084 3527">
     <span class='ocr_line' id='line_1_21' title="bbox 141 1948 953 2024; baseline -0.001 -16"><span class='ocrx_word' id='word_1_140' title='bbox 141 1948 245 2024; x_wconf 85' lang='lat' dir='ltr'>„Utile</span> <span class='ocrx_word' id='word_1_141' title='bbox 267 1950 417 2009; x_wconf 92' lang='lat' dir='ltr'>consilium</span> <span class='ocrx_word' id='word_1_142' title='bbox 440 1949 543 2024; x_wconf 87' lang='lat' dir='ltr'>modo,</span> <span class='ocrx_word' id='word_1_143' title='bbox 566 1949 619 2008; x_wconf 89' lang='lat' dir='ltr'>sed</span> <span class='ocrx_word' id='word_1_144' title='bbox 645 1966 809 2023; x_wconf 79' lang='lat' dir='ltr'>commuue,</span> <span class='ocrx_word' id='word_1_145' title='bbox 833 1949 953 2009; x_wconf 89' lang='lat' dir='ltr'>dedisti:</span> 
     </span>
     <span class='ocr_line' id='line_1_22' title="bbox 97 2029 1084 2111; baseline 0.002 -19"><span class='ocrx_word' id='word_1_146' title='bbox 97 2029 182 2092; x_wconf 86' lang='lat' dir='ltr'>Nunc</span> <span class='ocrx_word' id='word_1_147' title='bbox 198 2032 266 2092; x_wconf 92' lang='lat' dir='ltr'>mibi</span> <span class='ocrx_word' id='word_1_148' title='bbox 282 2032 349 2111; x_wconf 93' lang='lat' dir='ltr'>quid</span> <span class='ocrx_word' id='word_1_149' title='bbox 365 2032 471 2092; x_wconf 88' lang='lat' dir='ltr'>suades</span> <span class='ocrx_word' id='word_1_150' title='bbox 488 2041 556 2111; x_wconf 94' lang='lat' dir='ltr'>post</span> <span class='ocrx_word' id='word_1_151' title='bbox 570 2033 702 2092; x_wconf 92' lang='lat' dir='ltr'>damnum</span> <span class='ocrx_word' id='word_1_152' title='bbox 720 2033 858 2109; x_wconf 88' lang='lat' dir='ltr'>temporis</span> <span class='ocrx_word' id='word_1_153' title='bbox 875 2041 904 2090; x_wconf 89' lang='lat' dir='ltr'>et</span> <span class='ocrx_word' id='word_1_154' title='bbox 922 2049 991 2109; x_wconf 87' lang='lat' dir='ltr'>spes</span> <span class='ocrx_word' id='word_1_155' title='bbox 1035 2043 1084 2094; x_wconf 78' lang='grc'>111</span> 
     </span>
     <span class='ocr_line' id='line_1_23' title="bbox 98 2112 787 2194; baseline -0.001 -20"><span class='ocrx_word' id='word_1_156' title='bbox 98 2112 271 2194; x_wconf 84' lang='lat' dir='ltr'>Deceptas?</span> <span class='ocrx_word' id='word_1_157' title='bbox 291 2115 409 2175; x_wconf 89' lang='lat' dir='ltr'>iestinat</span> <span class='ocrx_word' id='word_1_158' title='bbox 426 2116 500 2175; x_wconf 90' lang='lat' dir='ltr'>enim</span> <span class='ocrx_word' id='word_1_159' title='bbox 520 2116 677 2176; x_wconf 89' lang='lat' dir='ltr'>decurrere</span> <span class='ocrx_word' id='word_1_160' title='bbox 698 2115 787 2175; x_wconf 87' lang='lat' dir='ltr'>velox</span> 
     </span>
     <span class='ocr_line' id='line_1_24' title="bbox 96 2195 914 2278; baseline 0.001 -22"><span class='ocrx_word' id='word_1_161' title='bbox 96 2195 252 2258; x_wconf 80' lang='lat' dir='ltr'>Floscuius</span> <span class='ocrx_word' id='word_1_162' title='bbox 276 2208 415 2277; x_wconf 75' lang='lat' dir='ltr'>angustae</span> <span class='ocrx_word' id='word_1_163' title='bbox 437 2201 621 2278; x_wconf 89' lang='lat' dir='ltr'>miseraeque</span> <span class='ocrx_word' id='word_1_164' title='bbox 644 2198 813 2258; x_wconf 84' lang='lat' dir='ltr'>brevissima</span> <span class='ocrx_word' id='word_1_165' title='bbox 837 2199 914 2257; x_wconf 88' lang='lat' dir='ltr'>vitae</span> 
     </span>
     <span class='ocr_line' id='line_1_25' title="bbox 95 2281 988 2359; baseline -0.002 -18"><span class='ocrx_word' id='word_1_166' title='bbox 95 2281 211 2349; x_wconf 84' lang='lat' dir='ltr'>Portio;</span> <span class='ocrx_word' id='word_1_167' title='bbox 234 2281 298 2342; x_wconf 88' lang='lat' dir='ltr'>dum</span> <span class='ocrx_word' id='word_1_168' title='bbox 320 2282 461 2359; x_wconf 77' lang='lat' dir='ltr'>bibimus,</span> <span class='ocrx_word' id='word_1_169' title='bbox 483 2283 548 2342; x_wconf 93' lang='lat' dir='ltr'>dum</span> <span class='ocrx_word' id='word_1_170' title='bbox 572 2291 665 2358; x_wconf 86' lang='lat' dir='ltr'>serta,</span> <span class='ocrx_word' id='word_1_171' title='bbox 689 2289 851 2358; x_wconf 76' lang='lat' dir='ltr'>unguento,</span> <span class='ocrx_word' id='word_1_172' title='bbox 874 2281 988 2359; x_wconf 89' lang='lat' dir='ltr'>puellas</span> 
     </span>
     <span class='ocr_line' id='line_1_26' title="bbox 94 2364 843 2446; baseline 0 -23"><span class='ocrx_word' id='word_1_173' title='bbox 94 2364 264 2440; x_wconf 87' lang='lat' dir='ltr'>Poscimus,</span> <span class='ocrx_word' id='word_1_174' title='bbox 288 2366 403 2446; x_wconf 91' lang='lat' dir='ltr'>obrepit</span> <span class='ocrx_word' id='word_1_175' title='bbox 425 2382 483 2426; x_wconf 93' lang='lat' dir='ltr'>non</span> <span class='ocrx_word' id='word_1_176' title='bbox 501 2366 650 2426; x_wconf 91' lang='lat' dir='ltr'>intellecta</span> <span class='ocrx_word' id='word_1_177' title='bbox 673 2369 843 2424; x_wconf 86' lang='lat' dir='ltr'>senectus.“</span> 
     </span>
     <span class='ocr_line' id='line_1_27' title="bbox 92 2446 1084 2528; baseline 0.003 -22"><span class='ocrx_word' id='word_1_178' title='bbox 92 2446 138 2507; x_wconf 90' lang='lat' dir='ltr'>Ne</span> <span class='ocrx_word' id='word_1_179' title='bbox 162 2449 294 2526; x_wconf 90' lang='lat' dir='ltr'>trepida:</span> <span class='ocrx_word' id='word_1_180' title='bbox 317 2467 467 2528; x_wconf 87' lang='lat' dir='ltr'>numquam</span> <span class='ocrx_word' id='word_1_181' title='bbox 488 2449 620 2528; x_wconf 89' lang='lat' dir='ltr'>pathicus</span> <span class='ocrx_word' id='word_1_182' title='bbox 641 2449 692 2509; x_wconf 91' lang='lat' dir='ltr'>tibi</span> <span class='ocrx_word' id='word_1_183' title='bbox 712 2448 805 2508; x_wconf 91' lang='lat' dir='ltr'>deerit</span> <span class='ocrx_word' id='word_1_184' title='bbox 827 2449 945 2524; x_wconf 85' lang='lat' dir='ltr'>amicus,</span> <span class='ocrx_word' id='word_1_185' title='bbox 1033 2458 1084 2511; x_wconf 81' lang='lat'>130</span> 
     </span>
     <span class='ocr_line' id='line_1_28' title="bbox 93 2531 930 2610; baseline -0.001 -19"><span class='ocrx_word' id='word_1_186' title='bbox 93 2531 242 2591; x_wconf 88' lang='lat' dir='ltr'>Stantibus</span> <span class='ocrx_word' id='word_1_187' title='bbox 266 2541 295 2592; x_wconf 92' lang='lat' dir='ltr'>et</span> <span class='ocrx_word' id='word_1_188' title='bbox 316 2533 405 2593; x_wconf 86' lang='lat' dir='ltr'>salvis</span> <span class='ocrx_word' id='word_1_189' title='bbox 427 2533 472 2593; x_wconf 94' lang='lat' dir='ltr'>bis</span> <span class='ocrx_word' id='word_1_190' title='bbox 495 2533 634 2602; x_wconf 73' lang='lat' dir='ltr'>collibus:</span> <span class='ocrx_word' id='word_1_191' title='bbox 658 2533 784 2610; x_wconf 89' lang='lat' dir='ltr'>undique</span> <span class='ocrx_word' id='word_1_192' title='bbox 806 2532 842 2592; x_wconf 93' lang='lat' dir='ltr'>ad</span> <span class='ocrx_word' id='word_1_193' title='bbox 864 2531 930 2592; x_wconf 92' lang='lat' dir='ltr'>illos</span> 
     </span>
     <span class='ocr_line' id='line_1_29' title="bbox 94 2612 827 2695; baseline -0.001 -20"><span class='ocrx_word' id='word_1_194' title='bbox 94 2612 278 2676; x_wconf 84' lang='lat' dir='ltr'>Gonrenient</span> <span class='ocrx_word' id='word_1_195' title='bbox 301 2625 330 2677; x_wconf 91' lang='lat' dir='ltr'>et</span> <span class='ocrx_word' id='word_1_196' title='bbox 356 2617 501 2695; x_wconf 89' lang='lat' dir='ltr'>carpentis</span> <span class='ocrx_word' id='word_1_197' title='bbox 523 2626 552 2678; x_wconf 89' lang='lat' dir='ltr'>et</span> <span class='ocrx_word' id='word_1_198' title='bbox 573 2616 693 2676; x_wconf 88' lang='lat' dir='ltr'>navibus</span> <span class='ocrx_word' id='word_1_199' title='bbox 716 2633 827 2691; x_wconf 86' lang='lat' dir='ltr'>omnes,</span> 
     </span>
     <span class='ocr_line' id='line_1_30' title="bbox 93 2697 865 2779; baseline -0.001 -21"><span class='ocrx_word' id='word_1_200' title='bbox 93 2697 152 2772; x_wconf 84' lang='lat' dir='ltr'>Qui</span> <span class='ocrx_word' id='word_1_201' title='bbox 175 2697 264 2776; x_wconf 75' lang='lat' dir='ltr'>digito</span> <span class='ocrx_word' id='word_1_202' title='bbox 285 2700 419 2778; x_wconf 90' lang='lat' dir='ltr'>scalpunt</span> <span class='ocrx_word' id='word_1_203' title='bbox 442 2717 498 2759; x_wconf 94' lang='lat' dir='ltr'>uno</span> <span class='ocrx_word' id='word_1_204' title='bbox 522 2709 620 2779; x_wconf 65' lang='lat' dir='ltr'>caput„</span> <span class='ocrx_word' id='word_1_205' title='bbox 653 2699 753 2760; x_wconf 83' lang='lat' dir='ltr'>Altera</span> <span class='ocrx_word' id='word_1_206' title='bbox 773 2701 865 2758; x_wconf 90' lang='lat' dir='ltr'>maior</span> 
     </span>
     <span class='ocr_line' id='line_1_31' title="bbox 93 2783 936 2861; baseline -0.001 -20"><span class='ocrx_word' id='word_1_207' title='bbox 93 2783 172 2860; x_wconf 90' lang='lat' dir='ltr'>Spes</span> <span class='ocrx_word' id='word_1_208' title='bbox 193 2791 344 2861; x_wconf 90' lang='lat' dir='ltr'>superest:</span> <span class='ocrx_word' id='word_1_209' title='bbox 367 2792 397 2842; x_wconf 93' lang='lat' dir='ltr'>tu</span> <span class='ocrx_word' id='word_1_210' title='bbox 416 2792 522 2843; x_wconf 92' lang='lat' dir='ltr'>tantum</span> <span class='ocrx_word' id='word_1_211' title='bbox 545 2785 640 2844; x_wconf 88' lang='lat' dir='ltr'>erucis</span> <span class='ocrx_word' id='word_1_212' title='bbox 663 2785 793 2861; x_wconf 90' lang='lat' dir='ltr'>imprime</span> <span class='ocrx_word' id='word_1_213' title='bbox 813 2783 936 2842; x_wconf 88' lang='lat' dir='ltr'>dentem.</span> 
     </span>
     <span class='ocr_line' id='line_1_32' title="bbox 94 2863 1081 2945; baseline 0.003 -21"><span class='ocrx_word' id='word_1_214' title='bbox 94 2865 201 2938; x_wconf 84' lang='lat' dir='ltr'>„Haec</span> <span class='ocrx_word' id='word_1_215' title='bbox 223 2865 358 2945; x_wconf 84' lang='lat' dir='ltr'>exempla</span> <span class='ocrx_word' id='word_1_216' title='bbox 381 2884 451 2945; x_wconf 91' lang='lat' dir='ltr'>para</span> <span class='ocrx_word' id='word_1_217' title='bbox 475 2867 624 2934; x_wconf 77' lang='lat' dir='ltr'>felicibus3</span> <span class='ocrx_word' id='word_1_218' title='bbox 648 2875 677 2927; x_wconf 89' lang='lat' dir='ltr'>at</span> <span class='ocrx_word' id='word_1_219' title='bbox 698 2884 761 2926; x_wconf 89' lang='lat' dir='ltr'>mea</span> <span class='ocrx_word' id='word_1_220' title='bbox 787 2863 893 2924; x_wconf 83' lang='lat' dir='ltr'>Glotbo</span> <span class='ocrx_word' id='word_1_221' title='bbox 1033 2875 1081 2927; x_wconf 80' lang='lat'>135</span> 
     </span>
     <span class='ocr_line' id='line_1_33' title="bbox 93 2946 946 3029; baseline -0.002 -22"><span class='ocrx_word' id='word_1_222' title='bbox 93 2947 132 3008; x_wconf 85' lang='lat' dir='ltr'>Et</span> <span class='ocrx_word' id='word_1_223' title='bbox 154 2946 295 3009; x_wconf 86' lang='lat' dir='ltr'>Lachesis</span> <span class='ocrx_word' id='word_1_224' title='bbox 322 2950 463 3028; x_wconf 77' lang='lat' dir='ltr'>gaudent,</span> <span class='ocrx_word' id='word_1_225' title='bbox 493 2953 517 3010; x_wconf 92' lang='lat' dir='ltr'>si</span> <span class='ocrx_word' id='word_1_226' title='bbox 542 2951 671 3029; x_wconf 91' lang='lat' dir='ltr'>pascitur</span> <span class='ocrx_word' id='word_1_227' title='bbox 692 2950 809 3026; x_wconf 75' lang='lat' dir='ltr'>inguine</span> <span class='ocrx_word' id='word_1_228' title='bbox 834 2956 946 3006; x_wconf 87' lang='lat' dir='ltr'>venter.</span> 
     </span>
     <span class='ocr_line' id='line_1_34' title="bbox 86 3028 832 3112; baseline -0.001 -21"><span class='ocrx_word' id='word_1_229' title='bbox 86 3028 117 3091; x_wconf 87' lang='grc'><strong>,0</strong></span> <span class='ocrx_word' id='word_1_230' title='bbox 139 3033 224 3110; x_wconf 88' lang='lat' dir='ltr'>parvi</span> <span class='ocrx_word' id='word_1_231' title='bbox 246 3035 396 3112; x_wconf 86' lang='lat' dir='ltr'>nostrique</span> <span class='ocrx_word' id='word_1_232' title='bbox 417 3033 522 3109; x_wconf 85' lang='lat' dir='ltr'>Lares,</span> <span class='ocrx_word' id='word_1_233' title='bbox 548 3043 704 3112; x_wconf 86' lang='lat' dir='ltr'>quosture</span> <span class='ocrx_word' id='word_1_234' title='bbox 725 3034 832 3091; x_wconf 91' lang='lat' dir='ltr'>minuto</span> 
     </span>
     <span class='ocr_line' id='line_1_35' title="bbox 92 3113 810 3191; baseline 0.001 -18"><span class='ocrx_word' id='word_1_235' title='bbox 92 3113 153 3174; x_wconf 80' lang='lat' dir='ltr'>Aut</span> <span class='ocrx_word' id='word_1_236' title='bbox 177 3114 255 3175; x_wconf 79' lang='lat' dir='ltr'>farre</span> <span class='ocrx_word' id='word_1_237' title='bbox 282 3124 311 3175; x_wconf 92' lang='lat' dir='ltr'>et</span> <span class='ocrx_word' id='word_1_238' title='bbox 332 3119 410 3177; x_wconf 91' lang='lat' dir='ltr'>tenui</span> <span class='ocrx_word' id='word_1_239' title='bbox 435 3117 520 3177; x_wconf 91' lang='lat' dir='ltr'>soleo</span> <span class='ocrx_word' id='word_1_240' title='bbox 543 3135 667 3177; x_wconf 91' lang='lat' dir='ltr'>exorare</span> <span class='ocrx_word' id='word_1_241' title='bbox 691 3133 810 3191; x_wconf 82' lang='lat' dir='ltr'>corona,</span> 
     </span>
     <span class='ocr_line' id='line_1_36' title="bbox 94 3194 1020 3280; baseline 0 -24"><span class='ocrx_word' id='word_1_242' title='bbox 94 3194 217 3270; x_wconf 78' lang='lat' dir='ltr'>Quando</span> <span class='ocrx_word' id='word_1_243' title='bbox 242 3216 299 3277; x_wconf 78' lang='lat' dir='ltr'>ego</span> <span class='ocrx_word' id='word_1_244' title='bbox 321 3199 406 3278; x_wconf 78' lang='lat' dir='ltr'>iigam</span> <span class='ocrx_word' id='word_1_245' title='bbox 429 3200 553 3280; x_wconf 86' lang='lat' dir='ltr'>aliquid,</span> <span class='ocrx_word' id='word_1_246' title='bbox 575 3218 632 3279; x_wconf 94' lang='lat' dir='ltr'>quo</span> <span class='ocrx_word' id='word_1_247' title='bbox 655 3202 691 3260; x_wconf 90' lang='lat' dir='ltr'>sit</span> <span class='ocrx_word' id='word_1_248' title='bbox 712 3199 780 3259; x_wconf 89' lang='lat' dir='ltr'>mibi</span> <span class='ocrx_word' id='word_1_249' title='bbox 801 3208 860 3258; x_wconf 93' lang='lat' dir='ltr'>tuta</span> <span class='ocrx_word' id='word_1_250' title='bbox 883 3207 1020 3258; x_wconf 89' lang='lat' dir='ltr'>senectus</span> 
     </span>
     <span class='ocr_line' id='line_1_37' title="bbox 92 3280 1080 3362; baseline 0.003 -23"><span class='ocrx_word' id='word_1_251' title='bbox 92 3280 242 3359; x_wconf 75' lang='lat' dir='ltr'>Ategete</span> <span class='ocrx_word' id='word_1_252' title='bbox 267 3291 296 3343; x_wconf 91' lang='lat' dir='ltr'>et</span> <span class='ocrx_word' id='word_1_253' title='bbox 317 3282 445 3344; x_wconf 85' lang='lat' dir='ltr'>baculo?</span> <span class='ocrx_word' id='word_1_254' title='bbox 466 3286 567 3362; x_wconf 85' lang='lat' dir='ltr'>viginti</span> <span class='ocrx_word' id='word_1_255' title='bbox 588 3284 664 3343; x_wconf 89' lang='lat' dir='ltr'>milia</span> <span class='ocrx_word' id='word_1_256' title='bbox 699 3283 784 3344; x_wconf 87' lang='lat' dir='ltr'>ienus</span> <span class='ocrx_word' id='word_1_257' title='bbox 1030 3288 1080 3343; x_wconf 81' lang='lat' dir='ltr'>rto</span> 
     </span>
     <span class='ocr_line' id='line_1_38' title="bbox 91 3362 777 3446; baseline 0.007 -24"><span class='ocrx_word' id='word_1_258' title='bbox 91 3362 265 3442; x_wconf 80' lang='lat' dir='ltr'>Pigneribus</span> <span class='ocrx_word' id='word_1_259' title='bbox 289 3369 411 3444; x_wconf 88' lang='lat' dir='ltr'>p&#39;ositis,</span> <span class='ocrx_word' id='word_1_260' title='bbox 430 3369 542 3446; x_wconf 77' lang='lat' dir='ltr'>argenti</span> <span class='ocrx_word' id='word_1_261' title='bbox 563 3367 682 3427; x_wconf 82' lang='lat' dir='ltr'>vascula</span> <span class='ocrx_word' id='word_1_262' title='bbox 702 3368 777 3445; x_wconf 80' lang='lat' dir='ltr'>puri,</span> 
     </span>
     <span class='ocr_line' id='line_1_39' title="bbox 92 3446 915 3527; baseline 0.001 -22"><span class='ocrx_word' id='word_1_263' title='bbox 92 3446 152 3508; x_wconf 90' lang='lat' dir='ltr'>Sed</span> <span class='ocrx_word' id='word_1_264' title='bbox 172 3467 248 3527; x_wconf 91' lang='lat' dir='ltr'>quae</span> <span class='ocrx_word' id='word_1_265' title='bbox 268 3447 417 3510; x_wconf 81' lang='lat' dir='ltr'>Fabricius</span> <span class='ocrx_word' id='word_1_266' title='bbox 439 3469 545 3510; x_wconf 89' lang='lat' dir='ltr'>censor</span> <span class='ocrx_word' id='word_1_267' title='bbox 565 3459 662 3522; x_wconf 92' lang='lat' dir='ltr'>notet,</span> <span class='ocrx_word' id='word_1_268' title='bbox 690 3459 719 3509; x_wconf 91' lang='lat' dir='ltr'>et</span> <span class='ocrx_word' id='word_1_269' title='bbox 744 3450 800 3509; x_wconf 91' lang='lat' dir='ltr'>duo</span> <span class='ocrx_word' id='word_1_270' title='bbox 823 3449 915 3508; x_wconf 87' lang='lat' dir='ltr'>iortes</span> 
     </span>
    </p>
   </div>
   <div class='ocr_carea' id='block_1_7' title="bbox 0 0 1318 4006">
    <p class='ocr_par' dir='ltr' id='par_1_15' title="bbox 0 0 1318 4006">
     <span class='ocr_line' id='line_1_40' title="bbox 0 0 1318 4006; baseline 0 6"><span class='ocrx_word' id='word_1_271' title='bbox 0 0 1318 4006; x_wconf 95' lang='lat' dir='ltr'> </span> 
     </span>
    </p>
   </div>
  </div>
 </body>
</html>
