2626 4006
212 253 252 313 54
535 261 570 308 11.
593 261 664 308 tun.
687 258 872 308 ruvunams

211 404 277 464 Non
299 420 374 481 quae
394 409 518 460 ventoso
542 402 684 461 conducta
703 399 756 459 sub
777 415 887 476 aggere
907 397 990 457 texit.

211 488 274 547 Vos
295 484 436 561 humiles,
458 485 569 562 inquis,
591 483 670 560 vulgi
692 502 760 563 pars
784 482 879 542 ultima
902 484 1003 559 nostri,

213 570 341 644 Quorum
361 585 446 628 nemo
468 577 555 647 queat
577 569 697 645 patriam
720 575 880 626 monstrare
904 568 1049 644 parentis:

211 653 266 713 Ast
289 669 346 730 ego
368 650 607 728 Cecropidesl—
620 652 709 712 Vives
723 662 752 712 et
767 653 886 729 originis
902 649 984 710 huius

213 736 321 797 Gaudia
339 736 428 814 longa
445 735 540 794 ieras:
563 743 659 795 tamen
679 737 734 796 ima
755 727 1006 814 pleue'Qurrirem

211 819 376 880 Facundum
397 820 544 888 invenies;
567 817 643 878 solet
664 819 712 879 hic
734 818 895 878 defendero
919 835 1022 877 causus

211 903 326 964 Nobilis
347 903 470 971 indocti;
493 903 572 962 venit
591 911 621 961 et
643 903 679 962 de
701 901 790 982 plebe
813 909 923 978 togata,

213 987 268 1060 Qui
286 986 355 1046 iuris
376 986 470 1046 nodos
491 987 521 1045 et
541 986 638 1063 legum
661 987 820 1063 aenigmata
843 984 945 1045 001101.

211 1070 265 1140 llic
288 1071 361 1148 petit
379 1067 548 1149 Euphraten
567 1071 679 1129 iuvenis
700 1070 857 1148 domitique
879 1067 980 1128 Batavi

213 1151 359 1213 Custodes
382 1152 510 1233 aquilas,
533 1155 619 1212 armis
640 1153 810 1213 industrius:
830 1161 858 1212 at
880 1160 910 1211 tu

211 1236 259 1297 Nil
281 1238 336 1296 nisi
358 1234 541 1315 Cecropides
560 1246 721 1314 truncoque
746 1237 904 1296 simillimus
927 1234 1061 1295 llermae.

211 1320 300 1380 Nullo
323 1321 432 1400 quippe
455 1319 512 1380 alio
532 1321 624 1380 vincis
648 1320 828 1396 discrimine,
851 1336 936 1398 quam
957 1319 1034 1398 quod

211 1405 257 1464 llli
278 1420 469 1464 marmoreum
493 1413 578 1482 caput
601 1413 662 1481 est,
685 1413 733 1464 tua
754 1405 825 1464 vivit
845 1405 952 1480 imago.

212 1488 268 1548 Dic
288 1487 372 1564 mihi,
396 1484 576 1548 Teucrorum
596 1488 713 1567 proles,
734 1487 865 1548 animalia
885 1495 962 1546 muta

214 1571 285 1644 Quis
303 1588 450 1649 generosa
473 1581 571 1651 putet,
591 1574 646 1632 nisi
665 1568 772 1632 fortia?
791 1589 895 1649 nempe
918 1568 1068 1631 volucrem

214 1657 263 1715 Sic
281 1655 429 1716 laudamus
449 1673 572 1734 equum,
595 1656 675 1716 facili
697 1657 742 1716 cui
763 1656 884 1734 plurima
906 1653 1000 1733 palma

212 1737 322 1798 Fervet
345 1748 375 1797 et
395 1738 520 1799 exsultat
541 1756 630 1798 rauco
649 1740 771 1799 victoria
795 1741 884 1799 circo.

212 1821 328 1882 Nobilis
349 1822 412 1899 hic,
435 1839 617 1902 quocumque
637 1825 716 1882 venit
738 1822 774 1883 de
795 1823 935 1901 gramine,
958 1823 1040 1882 cuius

215 1903 302 1965 Clara
323 1905 392 1984 iuga
414 1914 479 1966 ante
499 1906 574 1968 alios
595 1916 624 1966 et
646 1909 753 1986 primus
775 1909 804 1966 in
827 1923 956 1984 aequore
978 1905 1073 1985 pulvis
1080 1926 1089 1980 ;

214 1988 273 2049 Sed
291 1989 396 2049 venale
417 2008 509 2068 pecus
531 1987 698 2069 Coryphaei
721 1992 877 2069 posteritas
898 1999 928 2049 et

213 2072 343 2152 Hirpini,
365 2074 389 2133 si
411 2091 476 2133 rara
497 2075 565 2152 iugo
588 2065 712 2134 victoria
732 2075 817 2134 sedit.

214 2156 261 2217 Nil
282 2158 322 2217 ibi
344 2159 482 2218 maiorum
503 2168 673 2236 respectus,
696 2160 789 2236 gratia
811 2157 888 2218 nulla

214 2240 402 2314 Umbrarum3
425 2242 557 2301 dominos
579 2242 680 2321 pretiis
702 2252 812 2302 mutare
828 2241 962 2301 iubentur

214 2323 336 2402 Exiguis
360 2327 427 2385 11110
450 2334 480 2384 01
501 2325 607 2385 ducunt
629 2325 761 2404 epiredia
784 2325 862 2386 collo

215 2408 401 2486 Segnipedes
422 2408 560 2487 dignique
581 2409 687 2469 molam
707 2427 828 2470 versare
850 2420 983 2488 nepotes.

214 2490 313 2570 Ergo,
336 2501 367 2552 ut
388 2493 524 2551 miremur
544 2501 590 2568 te,
613 2491 671 2552 non
692 2503 756 2569 tua,
779 2495 890 2572 privum
908 2491 1015 2571 aliquid
1037 2491 1083 2568 da,

216 2574 302 2647 Quod
322 2577 433 2652 possim
455 2575 544 2634 titulis
566 2577 696 2636 incidere
717 2586 836 2654 praeter
857 2576 997 2652 honores,

216 2658 297 2731 Quos
319 2659 377 2718 illis
399 2659 498 2718 damus
521 2677 556 2719 ac
577 2660 723 2738 dedimus,
747 2661 850 2740 quibus
874 2662 969 2721 omnia
990 2657 1093 2718 debes.
1170 2665 1206 2720 to

257 2741 338 2802 llaec
356 2745 425 2803 satis
445 2743 481 2802 ad
500 2745 650 2820 iuvenem,
672 2763 758 2823 quem
779 2745 864 2808 nobis
880 2745 955 2805 iama
978 2741 1135 2822 superbum

215 2824 316 2886 l'radit
336 2834 366 2885 et
387 2825 513 2887 inilatum
534 2827 708 2908 plenumque
729 2827 847 2888 Nerone
870 2829 1043 2906 propinquo.

214 2908 309 2970 Rarus
330 2911 405 2970 euim
426 2911 519 2972 1011110
540 2931 644 2972 sensus
665 2915 820 2972 communis
843 2913 873 2971 iu
890 2912 940 2972 illa

214 2992 356 3064 Fortuna3
376 2994 429 3054 sed
447 3004 477 3054 te
500 2998 616 3056 censeri
638 2996 723 3056 laude
745 3006 869 3071 tuorum,

214 3076 352 3154 Pontice,
376 3078 518 3139 noluerim
540 3081 583 3139 sic
605 3089 636 3139 ut
656 3078 725 3139 nihil
747 3081 812 3157 ipse
834 3080 947 3139 futurae
1171 3084 1207 3138 75
1306 3091 1307 3124 ³

215 3159 320 3220 Laudis
344 3179 424 3239 agas.
469 3160 606 3222 Niserum
628 3171 673 3222 est
697 3163 818 3224 aliorum
838 3161 1006 3223 incumbere
1028 3161 1134 3234 lamae,

214 3242 260 3303 Nc
282 3244 415 3323 collapsa
436 3256 518 3305 ruant
540 3245 690 3305 subductis
711 3255 789 3307 tecta
811 3246 962 3307 columnis.

215 3329 329 3388 Stratus
350 3328 428 3388 humi
448 3328 561 3405 palmes
580 3329 682 3389 viduas
703 3331 851 3390 desiderat
867 3330 970 3390 ulmos.

215 3408 290 3470 Esto.
309 3411 403 3487 bouus
423 3412 518 3489 miles,
541 3422 619 3472 tutor
637 3413 749 3491 bonus,
772 3413 881 3474 arbiter
901 3413 978 3473 idem

215 3491 352 3570 Integer:
373 3493 525 3571 ambiguae
548 3497 574 3555 01
596 3497 710 3575 quando
734 3496 864 3558 citabere
886 3497 971 3556 testis
1170 3498 1208 3554 80
