2600 4006
221 234 260 294 24
543 215 578 292 o.
600 245 672 291 unu.
696 241 882 290 ruvnnnms

220 387 293 446 'lota
315 385 466 444 salutatrix
488 385 543 444 lam
566 382 648 444 turba
669 385 819 468 peregerit
842 379 942 441 orbem

220 468 369 532 Sideribus
392 466 557 527 unbitsaut
578 467 630 528 illo
653 476 801 545 tempore,
827 481 884 543 quo
907 482 940 522 se

219 549 335 630 brigida
358 552 556 627 circumagunt
577 553 654 629 pigri
678 568 796 612 serraca
819 548 941 608 Bootae.

221 637 320 711 Qualis
344 651 436 694 coena
459 631 574 694 tamen?
591 636 703 708 viuum,
731 634 810 713 quod
832 632 950 692 succida
972 632 1044 692 nolit
1156 655 1157 660 ¹

218 720 295 779 hana
315 719 388 796 pati;
412 718 449 777 de
471 719 593 786 conviva
611 716 776 793 Corybanta
799 714 923 776 videbis.

218 802 314 880 Iurgia
336 801 490 880 proludunt
497 823 504 869 ;
529 801 583 862 sed
604 818 672 861 mox
695 809 725 860 et
746 800 854 879 pocula
876 808 996 876 torques

36 879 39 886 ’
126 943 128 948 ,
220 887 341 946 Saucius
367 894 396 944 et
416 883 502 944 rubra
523 884 660 962 deterges
684 885 803 945 vulnera
825 900 950 960 mappa.

218 970 371 1030 intervos
395 970 509 1046 quoties
531 967 758 1046 libertorumque
781 966 931 1028 cohortem

219 1054 316 1130 Pugna
338 1053 495 1128 Saguntina
517 1052 613 1111 lervct
635 1053 788 1111 commissa
810 1051 924 1127 lagona.

218 1137 287 1214 lpse
310 1134 446 1213 capillato
470 1135 603 1194 dillusum
625 1135 746 1195 consule
768 1143 850 1213 potat

220 1218 426 1296 Galcatamque
449 1227 530 1278 tenet
551 1218 638 1279 bellis
660 1218 818 1279 socialibus
840 1234 935 1292 uvam,

220 1302 360 1362 Cardiaco
383 1320 535 1380 numquam
558 1303 691 1378 cyathum
713 1303 852 1362 missurus
874 1302 984 1370 amico;

134 1423 137 1430 »
220 1386 292 1446 Cras
314 1384 395 1445 bibet
417 1385 665 1465 Albanisaliquld
689 1387 725 1446 de
747 1384 891 1446 montibus
905 1393 963 1444 'aut
985 1384 1022 1443 de

218 1470 344 1545 Setinis,
368 1471 448 1528 cuins
471 1472 591 1548 patriam
612 1471 781 1549 titulumque
803 1477 939 1528 senectus

128 1607 137 1626 ,
219 1553 335 1614 Delcvit
355 1552 443 1613 multa
466 1555 575 1613 veteris
597 1553 718 1631 iuligine
741 1562 846 1628 testae,

219 1637 312 1710 Quale
336 1637 465 1697 coronati
489 1636 617 1696 Thrasea
639 1637 848 1714 Helvidiusque
870 1633 1007 1694 bibebant

217 1721 367 1781 Brutorum
390 1728 419 1779 et
441 1717 525 1779 Cassi
547 1719 698 1780 natalibus.
743 1718 811 1798 lpse
835 1734 960 1796 capaces
1069 1790 1072 1796 Ι
1133 1762 1135 1768 .

206 1802 366 1863 ¹Heliadum
389 1812 501 1861 crustas
524 1813 553 1862 et
572 1803 741 1882 inaequales
763 1802 879 1878 beryllo

217 1888 302 1945 Virro
323 1894 404 1946 tenet
425 1885 552 1963 phialas:
577 1885 629 1946 tibi
649 1887 708 1946 non
731 1888 914 1946 committitur
936 1903 1049 1952 aurnm;

217 1968 289 2046 Vel,
312 1971 336 2029 si
362 1970 476 2048 quaudo
497 1969 595 2046 datur,
616 1978 718 2032 custos
739 1971 843 2030 allinus
862 1969 978 2043 ibidem,

217 2053 273 2126 our
291 2063 422 2114 numeret
444 2072 591 2131 gemmas,
615 2072 727 2132 ungnes
751 2054 890 2114 observet
910 2062 1022 2112 acutos.

214 2136 259 2197 Da
281 2139 411 2197 veniam:
435 2137 588 2216 praeclara
609 2137 651 2197 llll
674 2138 805 2198 laudatur
826 2139 927 2216 iaspis.

215 2219 286 2280 Nam
311 2220 416 2298 Virro,
438 2231 469 2280 ut
490 2222 586 2298 multi,
609 2239 738 2298 gemmas
759 2223 795 2282 ad
816 2220 923 2300 pocula
945 2219 1082 2280 transfert

215 2304 242 2363 A
263 2304 376 2382 digitis,
401 2321 472 2383 quas
495 2306 523 2363 in
545 2307 667 2380 vaginae
690 2306 785 2364 fronte
808 2304 924 2365 solebat

215 2388 328 2447 Ponere
350 2388 490 2465 zelotypo
512 2389 623 2447 invenis
647 2389 795 2466 praelatus
814 2388 934 2451 larbae:

215 2471 257 2530 Tu
279 2470 476 2530 Beneventani
498 2472 604 2530 sutoris
627 2490 731 2532 nomen
751 2472 905 2533 habentem

215 2552 346 2613 Siceabis
372 2553 492 2614 calicem
514 2571 648 2614 nasorum
671 2566 805 2634 quattuor
829 2574 864 2618 ac
888 2558 943 2615 lam

214 2637 389 2709 Quassatum
412 2646 441 2696 et
462 2647 547 2716 rupto
570 2649 741 2716 poscentem
764 2640 875 2700 sulfura
897 2642 982 2698 vitro.

214 2721 245 2778 Si
268 2720 434 2780 stomachus
456 2720 562 2780 domini
584 2722 679 2782 fervet
699 2725 826 2801 vinoque
851 2722 986 2800 ciboque,

213 2803 358 2880 Frigidior
379 2801 490 2864 Geticis
511 2807 619 2884 petitur
641 2807 763 2868 decocta
786 2808 911 2885 pruinis:

213 2886 278 2947 Non
298 2887 399 2947 eadem
421 2888 506 2948 vobis
528 2892 596 2968 poni
617 2891 704 2950 modo
725 2893 790 2950 vina
803 2886 968 2968 querebar?

215 2971 274 3031 Vos
299 2972 382 3031 aliam
402 2975 508 3050 potatis
534 2992 645 3053 aquam.
690 2973 755 3033 'libi
777 2973 884 3052 pocula
904 2989 1007 3032 cursor

213 3053 361 3114 Gaetulus
374 3054 452 3116 dabit
474 3065 522 3116 aut
543 3060 617 3134 nigri
640 3075 739 3117 manns
761 3075 849 3117 ossea
870 3056 972 3132 blaurl,

212 3136 250 3196 Et
273 3139 319 3197 cul
342 3156 396 3217 per
416 3140 539 3200 mediam
562 3140 638 3200 nolis
662 3157 818 3201 occurrere
839 3148 966 3215 noctem,

213 3219 350 3281 Gllvosae
372 3222 490 3282 veheris
511 3225 577 3284 dum
599 3243 653 3303 per
674 3235 855 3285 monumenta
877 3223 1010 3284 Latinae:

211 3301 282 3364 Flos
306 3304 397 3366 Asiae
418 3316 484 3365 ante
503 3310 611 3385 ipsum,
634 3310 729 3386 pretio
751 3310 860 3368 maiore
884 3317 1013 3386 paratus,

213 3387 303 3461 Quam
324 3389 377 3449 luit
400 3398 429 3448 et
452 3389 527 3452 Tulli
554 3409 659 3450 census
681 3393 822 3470 pugnacis
845 3401 875 3451 et
896 3392 970 3451 Anci

211 3469 263 3547 Et,
286 3490 324 3531 ne
346 3481 376 3532 te
401 3481 530 3548 teneam,
553 3474 746 3537 Romanorum
769 3477 862 3535 omnia
884 3494 985 3553 regum

1169 3235 1201 3286 55
