2600 4006
469 267 678 318 rnsnnnnno.
1040 271 1069 319 v
1087 240 1091 247 ’

20 435 22 440 ·
72 413 289 484 positosinnovis
300 413 398 468 demum
407 415 515 486 scriptis,
528 415 615 486 quibus
626 429 668 471 eos
681 422 753 486 poeta
763 415 905 482 intorsisset,
918 417 948 472 ab
961 417 1064 488 impera·
1163 474 1166 482 ,

71 506 131 552 tore
142 497 170 552 in
180 499 218 553 sui
228 497 344 568 temporis
356 498 504 554 notationem
519 506 632 569 acceptos
650 514 704 555 asso
714 499 812 564 volunt,
831 501 861 556 de
871 501 972 558 llaiano
983 501 1063 571 potins

72 582 206 652 cogitasse
222 582 346 647 videntur,
365 597 437 654 quem
455 583 568 654 Pyladem
583 585 723 639 saltatorem
739 584 765 639 in
781 584 875 640 deliciis
887 583 999 640 habuisse
1017 585 1063 640 bio

72 665 148 720 Cass.
161 665 267 721 Llllllll.
280 672 314 723 10
325 673 413 722 narrat.
446 668 533 724 Verum
549 669 613 723 enim
630 683 688 724 vero
706 682 785 739 nequa
802 669 879 724 isfuit
889 669 1011 736 traianus,
1023 668 1063 739 qui

71 749 204 804 histrionis
221 751 298 806 tasoni
316 751 478 822 praefecturas
494 759 519 808 et
535 753 671 808 tribunatus
696 751 847 823 indulgeret,
863 767 941 823 nequo
955 751 1000 808 sub
1016 750 1063 808 hot

72 833 220 888 Iuvenalem
231 835 319 890 obiisse
332 842 426 891 oertum
435 842 488 900 ost3
499 837 563 909 quod
574 837 615 892 ubi
625 837 700 892 semel
712 836 861 892 ab'Hadriaai
872 837 972 907 imperio
984 851 1059 891 remo·

72 917 130 972 veri
148 925 235 988 poetae
251 919 350 974 exilium
366 935 465 976 necasse
483 929 533 987 est,
551 920 609 976 nihil
621 927 661 976 aut
671 921 804 992 simplicius
817 927 858 976 aut
874 922 950 976 tutius
961 920 1063 986 videtur,

74 1016 154 1074 quam
164 1007 192 1056 ut
202 1001 319 1072 plurimos
331 1011 441 1060 auctores
452 1004 530 1061 secuti
541 1004 570 1060 ad
581 1003 744 1061 Domitianum
755 1005 888 1070 redeamus,
900 1019 973 1076 quem
983 1011 1008 1060 et
1018 1003 1064 1059 Pa·

74 1087 158 1141 ridem
175 1085 260 1140 ulcisci
276 1088 380 1142 mammo
398 1095 585 1144 consentaneum
603 1095 654 1144 erat
665 1095 690 1143 et
706 1090 765 1145 illud
775 1089 874 1145 ultionis
884 1103 976 1162 genus,
998 1087 1063 1159 quod

74 1176 152 1241 poeta
165 1176 279 1240 expertus
289 1177 333 1236 ost,
345 1172 512 1246 multomagis
525 1188 597 1245 quam
608 1173 734 1229 Traianum
745 1174 838 1237 decuit3
851 1174 925 1228 immo
936 1169 999 1226 haud
1011 1171 1062 1228 scio

76 1271 108 1309 an
119 1254 175 1324 ipse
186 1254 301 1310 Traianus
317 1257 395 1326 primo
405 1271 449 1328 por
466 1271 572 1312 errorem
588 1257 613 1311 in
628 1257 780 1313 librariomm
796 1273 882 1314 manus
898 1256 1003 1320 venerit,
1021 1255 1063 1327 qai

77 1337 180 1410 tpronni
191 1339 388 1409 appellationem,
401 1356 447 1412 qua
457 1357 519 1396 unm
530 1356 613 1396 eorum
624 1357 683 1396 usus
692 1347 741 1406 est,
754 1341 916 1398 allomitiano
927 1340 957 1396 ad
968 1339 1063 1395 Traiani

78 1437 170 1479 nomen
181 1422 359 1494 detorquerent
390 1424 461 1495 Atqui
472 1424 623 1480 Domitianus
637 1426 658 1478 si
668 1425 804 1480 iuvenalem
819 1441 922 1498 peregre
932 1423 1062 1495 ablegavit,

78 1507 144 1561 ultro
157 1506 279 1576 sequitur,
298 1513 326 1562 ut
336 1508 398 1563 mori
408 1507 448 1563 bio
465 1508 571 1563 inexilio
589 1523 638 1563 non
650 1510 767 1578 potuerim
787 1509 875 1580 quippe
889 1515 915 1563 et
923 1507 1063 1578 posterioris

79 1591 166 1645 aetatis
176 1605 215 1644 res
226 1596 347 1662 tamquam
366 1592 476 1647 oculatus
486 1593 555 1647 testis
570 1591 644 1647 refert
661 1598 685 1646 et
695 1591 759 1661 ipsas
769 1592 866 1658 satiras,
883 1606 983 1664 quarum
996 1605 1062 1645 oom-

79 1675 164 1744 pluras
173 1689 270 1729 scenam
280 1673 372 1730 Romae
387 1675 489 1741 habent,
509 1682 564 1746 post
574 1675 704 1731 Domitiani
720 1676 818 1731 demum
832 1682 937 1731 mortem
950 1674 1062 1744 scripsit;

79 1765 204 1829 postremo
218 1759 355 1831 plerosque,
370 1776 430 1831 quos
441 1760 591 1817 Domitianus
602 1759 690 1816 iniuste
699 1760 816 1826 eiecisset,
830 1760 912 1816 oooiso
922 1759 973 1825 illo,
986 1774 1060 1831 quum

81 1843 162 1898 omnia
173 1857 235 1913 quae
244 1849 358 1900 statuerat
370 1845 396 1899 in
405 1845 498 1901 irritum
508 1845 658 1909 ducerentur,
670 1844 702 1899 de
711 1845 782 1900 exilio
794 1845 893 1900 rediisse
902 1844 1061 1915 Hieronymus

82 1927 112 1981 ad
123 1925 212 1980 Euseb.
223 1924 359 1985 chronol.
371 1931 423 1986 itt)
432 1935 548 1992 testamur
559 1927 648 2000 quibus
655 1928 701 1983 etsi
711 1945 773 1984 nnus
786 1928 915 1984 scholiasta
925 1927 1061 1984 Iuvenalem

83 2010 172 2063 diserte
183 2009 274 2073 eximit,
286 2011 345 2064 alius
356 2027 405 2065 non
414 2013 494 2066 minus
504 2012 567 2066 clare
577 2011 679 2066 eundem
684 2010 788 2067 Romam
798 2027 920 2068 reversum
928 2011 1063 2068 llartialem

83 2106 156 2146 suum
167 2090 313 2147 desiderasse
327 2099 420 2160 narrat,
442 2095 483 2165 qui
498 2100 626 2164 postquam
640 2093 685 2147 sub
702 2093 795 2150 Nersae
810 2095 940 2165 primordia
955 2093 1064 2149 Bilbilim

83 2175 185 2246 patriam
201 2175 310 2244 repetiit,
333 2175 388 2230 inde
404 2175 489 2249 Epigr.
504 2176 557 2234 llll
576 2177 610 2231 18
625 2174 761 2230 iuvenalem
777 2183 899 2249 tamquam
915 2176 1018 2232 domoc
1035 2175 1063 2230 io

84 2257 178 2314 marro
193 2265 310 2314 monton
320 2260 442 2328 salutarit,
458 2275 563 2332 moxque
574 2261 635 2315 intia
646 2260 736 2330 primos
747 2260 840 2315 traiani
854 2275 929 2315 annos
940 2260 1029 2316 ibidem
1039 2259 1063 2313 in

85 2343 195 2413 Hispania
203 2343 320 2408 decessit3
332 2342 517 2415 oilutpp.Plin.
527 2341 651 2414 llpistlll·
662 2349 711 2406 il:
724 2343 795 2398 huius
805 2344 881 2416 igitur
890 2343 1062 2410 testimonium,

85 2427 147 2499 quod
157 2425 269 2482 Martialis
280 2427 409 2484 auotoritas
421 2427 553 2494 confirmat,
566 2427 669 2499 amplexi
679 2427 708 2482 ab
720 2428 795 2483 altero
806 2428 865 2483 illud
878 2427 951 2483 modo
961 2427 1064 2498 accipie-

86 2528 149 2576 mus,
167 2511 192 2566 in
209 2527 257 2582 qno
273 2517 374 2584 uterque
391 2512 524 2579 consentit,
545 2518 601 2567 ante
610 2527 684 2567 novos
692 2511 832 2585 principer,
850 2511 897 2567 hoo
912 2519 950 2567 ost
960 2511 1063 2568 Neruam

87 2606 110 2652 et
123 2595 262 2659 Traianum,
274 2601 371 2666 poetam
380 2596 515 2669 relegatum
527 2611 593 2658 assues
605 2596 690 2651 mortis
700 2602 811 2666 tempus,
823 2611 897 2667 quam
906 2595 982 2652 rodus
993 2595 1061 2660 obiit,

88 2695 157 2752 quum
167 2679 212 2734 sub
223 2679 323 2735 Traiano
340 2679 397 2750 poni
408 2686 523 2753 nequeat,
540 2686 622 2735 utrum
639 2680 670 2735 ad
683 2679 794 2736 lladriani
806 2696 836 2735 an
853 2680 917 2752 quod
933 2680 974 2736 ille
990 2679 1063 2735 tradit

88 2765 116 2819 ad
126 2763 236 2819 Antonini
247 2763 281 2818 Pii
294 2764 419 2834 imperium
429 2766 559 2835 pertineat,
568 2764 592 2819 in
604 2763 717 2836 ambiguo
727 2765 897 2837 relinquemus

168 2846 289 2912 Quantum
306 2847 382 2919 igitur
392 2849 416 2903 in
427 2850 500 2903 tantis
515 2847 620 2916 tenebris
632 2848 699 2919 quasi
711 2863 753 2918 per
763 2855 915 2904 transennam
927 2847 1063 2917 aspicienti-

90 2932 131 2987 bus
143 2932 278 2987 ooniectura
289 2932 382 3004 assoqui
393 2932 463 2997 licet,
481 2931 632 2988 Domitianus
643 2931 780 2986 iuvenalem
789 2930 834 2986 sub
846 2931 948 2985 honesta
963 2930 1064 2984 militiae

90 3017 164 3086 specio
174 3016 271 3070 exulare
286 3016 368 3081 iussit,
388 3016 439 3072 sive
449 3016 503 3072 rivo
513 3015 610 3082 Paride,
629 3029 701 3087 mem
713 3020 794 3069 tamen
804 3014 885 3084 ipsum
899 3014 947 3068 iam
958 3029 979 3070 a.
990 3017 1025 3071 82
1036 3029 1062 3084 p.

90 3099 143 3157 Clu.
163 3099 272 3155 adulterii
289 3100 389 3156 ommino
404 3101 504 3171 periisse
519 3099 592 3154 tradit
608 3098 654 3154 llio
670 3098 737 3155 Cass.
751 3096 844 3155 LllVll.
856 3099 882 3166 3,
894 3098 944 3153 sivo
955 3104 1061 3166 mortum,

92 3185 141 3256 qnia
151 3184 214 3239 illius
225 3184 322 3239 nomine
338 3199 365 3240 se
383 3184 461 3240 notari
472 3183 624 3240 Domitianus
634 3183 808 3253 suspicaretur;
825 3181 873 3238 hoo
888 3188 969 3238 antem
983 3182 1063 3252 posito

92 3269 110 3323 si
119 3268 146 3323 de
155 3268 209 3323 loco
219 3268 284 3322 exilii
295 3269 444 3340 quaerimus,
456 3267 497 3323 vix
510 3266 681 3338 intelligimus,
694 3267 815 3338 quomodo
829 3272 868 3322 tot
877 3265 988 3322 homines
998 3265 1065 3321 docti

93 3353 157 3408 etiam
175 3366 240 3406 nunc
250 3352 387 3424 Aegyptum
403 3351 484 3407 Scotis
505 3352 542 3405 vel
553 3357 582 3406 ut
591 3365 622 3404 ex
632 3350 702 3405 istius
713 3351 798 3406 aetatis
813 3365 860 3405 usu
875 3350 966 3405 rectius
977 3349 1065 3404 dicitur

22 3463 24 3484 ·
95 3435 228 3492 Caledoniae
240 3436 358 3507 praeferre
376 3437 523 3499 sustineant,
540 3448 611 3505 quam
622 3433 670 3488 iam
681 3433 705 3488 in
716 3434 757 3489 illo
768 3433 893 3504 prooemio
905 3431 1016 3488 omnibus
1027 3447 1065 3486 ra-

95 3519 189 3575 tionibus
199 3519 325 3576 subdnctis
340 3520 417 3575 multo
435 3518 515 3590 plures
532 3516 706 3588 probabilitatis
720 3531 835 3572 numeros
852 3514 941 3570 babere
959 3511 1065 3568 ostendi·

96 3615 149 3662 mus.
169 3602 238 3660 blitto
251 3602 402 3673 Tcuffolinm,
413 3601 454 3677 qni
465 3601 490 3657 in
500 3600 529 3658 N.
536 3600 620 3658 annal.
633 3601 701 3657 1845
713 3598 741 3654 T.
753 3597 837 3666 libili,
848 3611 874 3668 p.
886 3600 938 3654 109
951 3608 993 3663 pro
1005 3591 1064 3645 Tra·
