2626 4006
490 244 617 292 saulum
639 245 701 292 vn.

101 383 277 462 Componis,
299 382 373 442 dona
395 381 535 458 Veneris,
560 383 717 460 Telesine,
741 385 858 454 marito余

101 465 285 548 nunciante
308 475 337 525 et
359 467 471 544 positos
494 468 570 527 tinea
596 468 739 546 pertunde
764 467 891 528 libellos.

100 551 214 628 Frange
234 549 323 608 miser
344 550 471 610 calamos
493 551 670 630 vigilataque
693 552 806 629 proelia
829 551 908 629 dele,

101 635 156 709 Qui
177 634 251 693 iacis
273 635 302 693 in
323 651 412 712 parva
434 634 565 694 sublimia
588 636 712 695 carmina
736 635 823 711 cella,

100 718 138 778 Ut
160 719 263 794 dignus
283 719 383 778 venias
406 717 524 778 hederis
548 727 577 778 et
597 720 720 796 imagine
742 736 849 780 macra.

100 804 177 881 Spes
198 800 275 860 nulla
298 801 432 870 ulterior:
456 801 554 862 didicit
577 803 632 862 iam
653 803 734 862 dives
755 821 859 863 avarus

101 886 219 946 Tantum
241 885 390 961 admirari,
413 893 518 945 tantum
541 886 659 946 laudare
684 887 820 962 disertos,

100 970 137 1030 Ut
156 969 239 1048 pueri
258 967 375 1028 lunonis
398 987 490 1030 avem.
536 969 595 1028 Sed
617 969 715 1029 defluit
738 979 818 1029 aetas

98 1053 137 1113 Et
154 1052 254 1132 pelagi
275 1053 388 1130 patiens
411 1062 440 1113 et
461 1053 582 1114 cassidis
605 1061 691 1133 atque
715 1053 830 1130 ligonis.

99 1136 209 1197 Taedia
232 1144 299 1196 tunc
322 1134 446 1196 subeunt
468 1137 593 1212 animos,
616 1145 684 1196 tunc
706 1151 799 1216 seque
823 1154 961 1216 suamque

100 1219 317 1298 Terpsichoren
340 1221 399 1280 odit
421 1220 544 1280 incunda
566 1229 595 1278 et
619 1222 693 1281 nuda
714 1229 859 1280 senectus.

142 1303 255 1381 Accipe
278 1320 351 1363 nunc
376 1313 470 1379 artes,
493 1322 530 1362 ne
553 1304 620 1382 quid
643 1303 694 1364 tibi
718 1304 848 1364 conferat
868 1307 935 1380 iste,

100 1387 191 1461 Quem
217 1387 290 1446 colis
329 1396 357 1447 et
378 1386 520 1448 Musarum
542 1396 571 1447 et
588 1387 734 1464 Apollinis
757 1388 832 1447 aede
855 1387 967 1447 relicta.

98 1472 167 1550 lpse
187 1471 258 1530 iacit
276 1489 380 1531 versus
401 1481 488 1551 atque
512 1471 559 1529 uni
580 1469 656 1530 cedit
677 1469 805 1530 llomero

98 1554 222 1633 Propter
243 1555 321 1614 mille
344 1565 448 1624 annos余
468 1565 498 1614 tu
520 1556 542 1613 si
566 1553 720 1615 dulcedine
742 1554 836 1614 famae

99 1640 265 1698 Succensus
284 1640 410 1720 recites,
431 1639 595 1699 maculosas
619 1640 781 1699 commodat
803 1639 909 1698 aedes:

98 1722 179 1782 llaec
201 1721 289 1800 longe
312 1723 421 1782 ferrata
444 1723 544 1782 domus
569 1723 680 1782 servire
704 1722 829 1798 iubetur,

99 1805 131 1866 ln
153 1824 208 1884 qna
232 1806 373 1866 sollicitas
396 1807 520 1866 imitatur
539 1807 621 1866 ianua
644 1816 755 1885 portas.

99 1891 160 1950 Scit
182 1889 252 1949 dare
274 1889 397 1950 libertos
421 1899 550 1950 extrema
571 1893 600 1950 in
621 1900 705 1969 parte
725 1890 864 1950 sedentes

100 1972 215 2033 Ordinis
233 1981 261 2032 et
285 1991 403 2051 magnas
424 1975 557 2033 comitum
579 1974 738 2052 disponere
763 1990 870 2041 voces余

98 2056 191 2116 Nemo
215 2055 293 2116 dabit
313 2075 432 2134 regum,
457 2059 552 2137 quanti
576 2057 715 2117 subsellia
739 2064 881 2131 constant,

98 2139 135 2200 Et
160 2158 234 2218 quae
256 2141 400 2201 conducto
425 2143 552 2220 pendent
573 2141 730 2202 anabathra
752 2138 859 2217 tigillo,

100 2223 242 2302 Quaeque
261 2226 446 2304 reportandis
468 2227 562 2304 posita
585 2234 630 2284 est
653 2225 804 2285 orchestra
826 2221 981 2283 cathedris.

97 2306 161 2368 Nos
181 2316 275 2368 tamen
298 2308 355 2369 boc
377 2311 488 2387 agimus
509 2310 645 2387 tenuique
666 2311 695 2368 in
716 2308 837 2387 pulvere
864 2305 962 2367 sulcos

98 2391 237 2452 Docimus
257 2401 286 2452 et
306 2392 374 2452 litus
396 2392 488 2452 sterili
509 2410 660 2452 versamus
684 2402 789 2452 aratro.

98 2473 169 2534 Nam
193 2475 218 2534 si
239 2475 391 2552 discedas,
416 2476 521 2554 laqueo
543 2485 624 2535 tenet
646 2476 788 2536 ambitiosi

99 2556 288 2619 Consuetudo
310 2557 392 2627 mali余
416 2568 495 2619 tenet
517 2559 676 2620 insanabile
695 2559 800 2619 multos

98 2641 252 2702 scribendi
275 2643 433 2703 cacoethes
457 2652 485 2702 et
505 2661 596 2720 aegro
617 2645 645 2702 in
669 2643 758 2703 corde
778 2644 917 2702 senescit.

97 2724 159 2786 Sed
181 2733 277 2786 vatem
298 2727 466 2803 egregium,
488 2728 535 2786 cui
557 2745 613 2787 non
637 2728 673 2786 sit
695 2725 811 2805 publica
832 2743 917 2802 vena,

97 2809 155 2882 Qui
178 2808 248 2868 nibil
271 2811 436 2888 expositum
459 2811 555 2870 soleat
576 2810 740 2884 deducere,
763 2828 819 2868 nec
841 2810 888 2887 qui

97 2889 251 2953 Communi
268 2893 354 2953 feriat
377 2912 492 2954 carmen
513 2894 627 2954 triviale
645 2902 772 2968 moneta,

95 2975 197 3052 Hunc,
222 2976 336 3055 qualem
358 2995 474 3056 nequeo
496 2985 656 3037 monstrare
681 2986 710 3037 et
732 2976 825 3037 sentio
848 2983 964 3050 tautum,

95 3059 255 3138 Anxietate
279 3079 383 3122 carens
407 3063 516 3121 animus
535 3060 619 3136 iacit,
642 3061 735 3121 omnis
758 3057 856 3121 acerbi

95 3144 272 3222 impatiens,
296 3146 418 3224 cupidus
441 3145 579 3204 silvarum
600 3153 742 3223 aptusque
765 3142 898 3203 bibendis

94 3226 239 3287 Fontibus
262 3228 414 3288 Aonidum.
460 3227 564 3307 Neque
586 3229 660 3288 enim
684 3237 800 3288 cantare
820 3227 873 3286 sub
897 3232 979 3284 antro

95 3309 196 3370 Pierio
218 3311 403 3390 thyrsumque
425 3319 524 3389 potest
545 3313 715 3388 contingere
738 3319 847 3372 maesta

94 3393 259 3474 Paupertas
279 3404 367 3475 atque
387 3397 464 3456 aeris
482 3396 582 3473 inops,
607 3411 663 3472 quo
687 3404 773 3454 nocte
795 3395 900 3473 dieque

96 3477 216 3558 Corpus
240 3489 325 3556 eget:
350 3490 428 3540 satur
449 3489 509 3556 est,
530 3495 614 3558 quum
637 3478 705 3537 dicit
725 3476 861 3538 Horatius
885 3475 993 3535 euhoe!
