2600 4006
498 281 706 332 PRAEFATIO·
1042 290 1089 337 XV

109 426 238 494 -300),
255 439 356 495 eamque
366 439 409 494 per
424 431 554 479 nocturnas
564 426 745 482 comissationes
762 428 797 494 (v.
810 433 861 487 301
873 435 981 499 -313)
993 433 1089 487 clande-

106 511 273 579 stinammque
295 508 441 580 religionum
457 509 597 578 spurcitiem
623 511 665 578 (v.
677 513 868 580 ate-351).
886 529 929 583 per
946 516 1089 572 immodicos

106 601 220 665 sumptus
231 592 275 657 (v.
288 594 339 650 352
349 621 386 632 -
394 593 479 660 365),
491 599 574 664 turpes
585 609 679 648 amores
691 595 726 661 (v.
734 597 786 653 366
794 623 830 635 -
840 599 914 665 397),
927 602 1087 670 arrogantiam

108 678 323 746 (nme—412),
335 676 482 731 iracundiam
490 676 525 743 (r.
533 680 693 747 als—418)
705 678 864 751 stolidamque
874 681 912 735 vel
923 684 1088 753 gymnasticae

108 763 146 828 (r.
159 763 212 818 419
220 789 257 800 —
265 761 330 829 433)
350 759 387 814 vel
401 761 573 831 grammaticae
586 761 725 816 emditionis
736 764 922 819 ostentationem
939 766 976 831 (v.
988 769 1085 824 434-

95 847 174 912 456)
186 845 215 898 ad
228 845 374 900 domesticae
384 844 505 899 foeditatis
516 860 600 900 aroana
611 847 760 917 persequitur
778 847 813 913 (v.
825 851 878 906 457
887 876 923 887 -
932 852 1012 919 473);
1023 851 1087 908 unde

107 929 155 983 iam
166 935 249 999 quarta
259 928 345 982 satirae
361 942 416 998 pars
428 929 535 998 proiecta
546 934 572 983 et
588 930 749 1000 quotidianam
759 939 863 987 nauum
873 933 974 989 familias
984 935 1086 990 cmdeli·

106 1018 182 1066 tatem
194 1011 229 1078 (v.
239 1013 336 1068 474-
344 1013 409 1080 507)
421 1018 446 1066 et
456 1013 571 1068 nefandas
586 1015 767 1084 superstitiones
780 1017 869 1087 aperit,
882 1017 969 1090 quibus
978 1034 1087 1074 summae

107 1097 195 1166 pariter
206 1101 277 1166 atque
288 1094 383 1150 infimae
394 1096 538 1152 conditionis
549 1098 661 1153 mulieres
672 1113 769 1169 operam
786 1101 844 1156 dent
855 1101 891 1168 (v.
905 1107 1005 1161 508-
1012 1105 1085 1172 591),

104 1181 151 1234 nisr
163 1180 228 1251 qrod
237 1179 281 1234 hae
292 1180 377 1235 saltem
389 1179 471 1235 liberis
481 1181 635 1252 procreandis
643 1182 723 1238 officio
734 1198 807 1239 sexus
818 1192 936 1250 constent,
951 1186 1006 1241 illae
1016 1187 1086 1242 abor-

105 1263 183 1329 tibus,
205 1263 382 1334 suppositione,
395 1265 508 1320 caedibus
524 1265 563 1319 rel
578 1266 671 1337 tragica
687 1268 795 1338 exempla
811 1277 925 1339 superent
937 1269 973 1336 (v.
986 1273 1085 1328 592-

104 1347 179 1414 681).
214 1345 363 1417 Quamquam
380 1348 463 1417 paucis
481 1349 519 1403 bis
543 1349 613 1403 lineis
630 1349 749 1405 uberrima
767 1351 954 1424 eloquentissimi
973 1355 1084 1408 carminis

103 1431 187 1502 imago
203 1445 251 1484 non
269 1429 411 1493 absolutum
428 1431 452 1485 id
469 1433 549 1502 ipsum
560 1440 638 1486 tamen
650 1448 724 1504 quum
736 1450 812 1504 nuper
821 1437 926 1508 eleganti
944 1438 1084 1507 iuterpreta-

103 1514 170 1569 tione
179 1513 345 1568 illustrandum
359 1514 405 1568 sibi
416 1518 569 1585 proposuerit
578 1516 732 1571 muliebrium
747 1523 895 1574 secretomm
907 1521 1084 1589 experientissi-

102 1613 158 1652 mus
173 1597 269 1669 collega
279 1596 404 1652 Eduardus
419 1598 450 1652 de
461 1597 575 1665 siebold,
595 1599 624 1654 ad
637 1599 709 1654 huius
719 1603 918 1657 commentarium
934 1603 1084 1676 Bruusvigae

102 1684 172 1739 1854
191 1682 281 1736 editum
292 1680 422 1736 lectoribus
439 1684 545 1738 remissis
556 1684 621 1739 tertii
631 1684 686 1738 libn'
702 1685 786 1741 satiras
796 1691 824 1740 ut
834 1686 925 1741 ambitu
935 1688 1041 1743 minores
1050 1689 1083 1743 ita

101 1765 132 1819 ad
144 1764 388 1821 circumscribendum
405 1767 565 1838 expeditiores
584 1769 740 1823 inveniemus.
769 1769 862 1840 Nempe
878 1771 977 1842 emtore
991 1773 1083 1828 studio·

100 1863 155 1903 rum
174 1855 198 1903 ct
208 1864 277 1920 spem
294 1855 320 1904 et
337 1850 454 1905 rationem
465 1866 562 1907 omnem
581 1853 669 1907 insolo
689 1854 831 1924 imperatore
841 1855 943 1924 positam
962 1857 1074 1926 agnoscit

100 1947 173 2005 quem
189 1933 316 1988 Traianum
331 1932 469 1990 habendum
488 1951 542 1992 esse
559 1938 583 1992 iu
599 1936 711 1992 Prooem.
722 1938 777 1992 lect.
790 1936 855 1993 Gott.
873 1941 941 1998 1843
958 1939 1043 2004 certis,
1055 1947 1080 1994 ut

99 2016 253 2081 mibivideor,
267 2019 416 2089 argumentis
427 2020 499 2083 evici:
511 2021 582 2076 huius
593 2026 674 2075 autem
685 2021 800 2076 honorem
809 2023 915 2092 praelata
926 2023 962 2089 (v.
973 2025 1080 2092 l-tt)

99 2101 162 2171 apud
175 2101 280 2172 reliquos
292 2102 402 2173 aequales
413 2104 478 2158 nulla
490 2105 565 2160 literis
575 2106 680 2174 praemia
690 2111 732 2159 aut
741 2106 857 2175 praesidia
868 2112 949 2175 pamta
960 2121 1013 2160 esse
1023 2121 1081 2177 que·

97 2186 159 2239 ritur
167 2186 328 2258 miseramque
344 2187 493 2241 emditomm
504 2189 665 2243 conditionem
683 2204 726 2259 per
739 2189 844 2259 quinque
855 2204 944 2262 genera
955 2197 1080 2260 poetamm

98 2268 136 2334 (u.
146 2273 297 2339 m-97)‚
315 2269 485 2326 historiocmm
499 2271 537 2340 (v.
547 2276 582 2331 98
595 2275 716 2342 -105),
737 2272 912 2328 camidieomm
930 2273 965 2339 (v.
980 2278 1080 2332 106-

96 2355 177 2426 149),
194 2353 318 2413 rhetomm
330 2356 366 2424 (v.
380 2361 433 2412 150
443 2385 479 2396 —
488 2359 568 2427 214),
581 2357 796 2428 grammaticorum
818 2356 854 2423 (v.
866 2361 918 2415 215
926 2385 962 2396 —
970 2359 1036 2427 243)
1047 2359 1080 2412 ita

95 2440 223 2508 describit,
241 2448 270 2496 ut
280 2456 337 2496 cum
348 2441 518 2511 opulentomm
534 2440 646 2496 sordibus
655 2441 728 2496 simul
744 2446 825 2496 tamen
837 2441 913 2512 ipsam
924 2442 1025 2497 istorum
1035 2441 1080 2497 ho·

95 2526 189 2579 minum
199 2525 328 2580 vanitatem
339 2526 369 2581 ad
380 2525 440 2579 lucri
452 2525 588 2595 cupidinem
595 2525 754 2595 compositam
764 2525 841 2581 rideat
847 2539 925 2598 eoque
935 2527 999 2582 iacto
1011 2526 1079 2581 lune-

94 2616 158 2664 stam
176 2610 292 2681 pecuniae
302 2609 352 2663 uim
369 2609 394 2663 in
405 2608 452 2663 hoo
463 2624 558 2681 quoque
568 2624 659 2682 genere
671 2611 770 2680 ancipiti
780 2625 881 2666 censura
891 2616 967 2665 notet.
997 2609 1081 2680 Neque

94 2699 195 2748 odorae
209 2695 289 2748 minus
299 2692 422 2748 luculenta
433 2693 561 2764 descriptio
573 2700 623 2756 αις
637 2695 706 2749 cuius
717 2709 791 2766 quum
802 2693 940 2749 mriversum
951 2708 1079 2765 argumen-

93 2783 148 2832 tum
158 2778 184 2832 iu
195 2778 281 2834 stolida
291 2776 423 2832 nobilitatis
440 2779 575 2848 arrogantia
588 2785 709 2845 versetur,
722 2778 786 2833 uude
797 2777 923 2834 Ponticum
941 2778 1080 2833 adolescen-

91 2871 144 2915 tem
153 2862 184 2916 ad
194 2862 289 2916 virtutis
300 2862 376 2916 avitae
387 2862 545 2917 imitationem
556 2862 682 2918 traducere
687 2863 776 2926 studet,
788 2861 892 2932 primum
899 2861 1017 2916 maiomm
1028 2861 1079 2914 lau·

91 2946 164 3009 dem,
183 2945 230 3000 uisi
246 2952 398 3015 posterorum
415 2946 506 3000 meritis
524 2953 652 3019 aequetur,
672 2945 710 3000 his
727 2945 785 3015 ipsis
802 2944 899 3000 officere
917 2944 996 3015 magis
1007 2958 1079 3014 quam

90 3029 209 3100 prodesse
220 3029 324 3085 ostendit
337 3029 374 3096 (u.
387 3033 522 3100 1-7o);
537 3029 623 3085 deinde
632 3029 707 3084 nobili
717 3029 876 3093 adolescenti,
896 3029 936 3100 qui
949 3026 1078 3082 maioribus

88 3113 183 3184 dignus
193 3113 247 3169 lieri
262 3114 356 3185 cupiat,
376 3129 450 3185 quum
462 3115 507 3170 alia
519 3120 646 3185 praecepta
662 3120 714 3168 tum
724 3113 860 3183 provinciae
870 3119 936 3168 recte
947 3119 972 3167 et
982 3113 1077 3183 integre

88 3197 294 3253 administrandae
310 3199 379 3270 leges
395 3198 438 3253 dat
454 3198 490 3264 (v.
503 3200 671 3267 71-1el);
683 3197 740 3253 hino
751 3198 781 3252 ad
791 3198 881 3270 reliqua
892 3197 1009 3253 nobilium
1020 3197 1076 3250 uitia

87 3288 243 3354 transgressa
259 3283 500 3354 generosissimarum
526 3282 669 3337 familiamm
692 3281 779 3352 probra
795 3282 939 3352 turpissimis
956 3281 1074 3346 Laterani,

87 3365 239 3437 Damasippi,
253 3365 355 3421 Gracchi
365 3367 487 3438 ipsiusque
495 3366 599 3421 Neronis
609 3367 725 3436 exemplis
735 3367 848 3436 proponit
854 3367 889 3432 (v.
900 3365 1075 3432 leb—230);

86 3456 214 3517 postremo
226 3457 253 3504 ut
264 3451 377 3506 virtutem
393 3451 470 3506 solam
481 3456 552 3522 atque
563 3451 658 3505 unicam
668 3450 817 3506 nobilitatem
830 3464 882 3504 esse
892 3448 963 3519 plene
974 3449 1074 3503 demon·

85 3539 162 3600 stret,
182 3541 320 3605 comparata
331 3534 449 3590 nobilium
466 3534 658 3606 ignobiliumque
674 3534 800 3589 hominum
812 3534 928 3588 memoria
939 3539 975 3587 tot
985 3530 1072 3586 horum

84 3614 206 3672 beneficia
218 3625 278 3689 quot
288 3619 384 3674 illorum
393 3618 487 3692 flagitia
498 3625 608 3674 constare
618 3619 691 3674 docet
704 3619 740 3686 (v.
748 3618 916 3686 aar—268),
928 3625 1070 3687 quamquam
