2626 4006
532 264 657 313 seruth
673 266 749 314 VIII.
1080 263 1120 322 57
1192 223 1196 234 ⁴

135 402 236 464 Solam
258 401 389 481 Eponam
412 412 441 462 et
462 402 553 462 iacies
578 402 654 462 olida
678 354 713 462 ad
718 407 891 494 praesepia
914 407 1015 486 pietas.

125 486 196 547 .Sed
219 504 305 564 quum
327 486 487 564 pervigiles
508 486 606 564 placet
629 483 792 547 instau'rare
810 491 944 571 popinas,

137 567 249 629 Obvius
274 567 389 629 assiduo
414 569 630 647 {Syrophoenix
652 570 724 630 udus
748 588 859 632 amomo

136 649 250 727 Currit,
271 650 437 730 idumaeae]
460 653 665 731 Syrophoenix
685 655 782 714 incola
801 654 903 733 poitae
1071 671 1119 726 lfiu

134 735 266 814 Hospitis
289 735 394 795 affectu
419 735 561 796 dominum
583 754 742 814 regemque
765 739 879 815 salutat,

134 817 173 878 llt
198 836 267 878 cum
284 819 380 878 venali
405 815 505 894 Graue
526 821 672 880 succincta
695 821 808 898 lagona.

135 901 285 962 Defensor
307 901 411 981 culpae
435 902 513 962 dicet
535 903 617 962 mihi:
640 903 774 964 Fecimus
796 914 825 964 et
847 922 901 964 nos

135 985 620 1054 llaeciuuenes-Estmdesisti
642 1005 763 1065 nempe,
788 1007 844 1049 nec
865 989 939 1048 ultra

134 1067 247 1129 Fovisti
271 1085 411 1128 errorem.
445 1067 539 1129 Breve
560 1071 613 1146 sit,
634 1071 711 1148 quod
734 1072 857 1149 turpiter
877 1072 981 1142 audes;
1069 1085 1116 1140 165

135 1150 285 1224 Quaedam
309 1171 372 1212 cum
394 1153 485 1231 prima
506 1163 676 1213 resecentur
698 1156 815 1214 crimina
837 1155 942 1225 barbam

133 1233 257 1313 indulge
279 1237 392 1296 veniam
410 1237 525 1314 pueris:
549 1236 705 1297 Lateranus
727 1239 762 1298 ad
785 1238 853 1298 illos

135 1317 323 1379 Thermarum
349 1319 458 1378 calices
482 1320 679 1399 inscriptaque
700 1320 788 1380 lintea
810 1323 888 1382 vadit

133 1401 263 1476 Maturus
288 1401 368 1462 hello
390 1402 544 1463 Armeniae
566 1405 725 1482 Syriaeque
747 1405 858 1464 tuendis

134 1484 276 1545 Amnihus
300 1494 329 1544 et
350 1484 454 1546 Rheno
479 1495 565 1564 atque
586 1486 676 1554 lstro;
705 1497 855 1565 praestare
877 1486 1023 1558 Neronem
1067 1499 1117 1552 170

133 1569 276 1629 Securum
294 1569 374 1629 valet
392 1568 466 1630 haee
483 1579 573 1630 aetas.
604 1569 686 1632 liitte
710 1570 807 1647 Ostia,
833 1569 951 1649 Caesar,

131 1651 232 1728 llice,
256 1653 308 1712 sed
328 1653 357 1712 in
376 1671 479 1731 magua
500 1653 628 1731 legatum
649 1672 757 1732 quaere
780 1656 901 1732 popina;

132 1735 269 1798 Invenies
294 1735 391 1814 aliquo
415 1755 478 1796 cum
503 1755 679 1816 percussore
703 1739 858 1813 iacentem,

2 1883 3 1908 ,
132 1819 309 1880 Permixtum
332 1821 424 1879 nautis
449 1829 478 1880 et
501 1821 611 1881 furibus
636 1839 671 1882 ac
691 1820 829 1898 fugitivis,

133 1901 215 1964 Inter
236 1903 388 1962 camilices
410 1912 440 1962 et
460 1903 560 1964 iahros
580 1905 793 1984 sandapilarum
841 1933 843 1938 ·

2 2003 3 2020 ¹
132 1985 174 2046 Iit
193 1987 350 2064 resupinati
376 1989 521 2048 cessantia
544 1997 678 2065 tympana
696 1988 775 2065 galli.

132 2069 239 2148 Aequa
260 2068 300 2129 ihi
320 2069 457 2145 libertas,
483 2072 641 2131 communia
664 2070 786 2147 pocula,
811 2070 906 2130 lectus

133 2150 201 2212 Non
222 2151 295 2212 alius
318 2155 465 2230 cuiquam,
486 2171 543 2213 uec
563 2171 662 2213 mensa
685 2154 822 2212 remotior
842 2153 903 2212 ulli.

132 2234 211 2308 Quid
233 2236 323 2295 iacias
346 2237 433 2296 talem
456 2238 589 2313 sortitus,
612 2236 746 2312 Pontice,
769 2234 904 2296 servum?

131 2318 247 2398 Nempe
272 2320 302 2378 in
322 2318 452 2379 Lucanos
477 2328 526 2380 aut
548 2318 643 2380 Tusca
666 2318 812 2396 ergastula
832 2320 937 2384 mittas
1066 2333 1115 2386 180

131 2401 265 2478 Atros,
289 2401 490 2480 Troiugenae,
513 2403 598 2462 vohis
619 2404 770 2480 ignoscitis
794 2411 841 2478 et,
864 2420 938 2480 quae
1063 2407 1066 2413 '

130 2485 241 2563 Turpia
264 2485 401 2561 cerdoni,
429 2487 558 2547 Volesos
579 2486 754 2567 Brutumque
776 2485 928 2548 docebunt.

176 2566 269 2643 Quid,
297 2570 322 2628 si
342 2587 494 2647 numquam
516 2570 590 2631 adeo
613 2571 706 2632 luedis
733 2569 867 2649 adeoque
889 2569 1030 2649 pudendis

94 2679 96 2684 ¹
130 2650 245 2712 Utimur
265 2652 422 2730 exemplis,
445 2663 554 2713 utnon
576 2655 678 2733 peiora
702 2651 867 2732 supersint?

131 2733 319 2814 Consumptis
342 2735 445 2814 opibus
465 2753 584 2812 vocem,
592 2737 800 2821 Damasippe,
821 2737 925 2799 locasti
1065 2746 1114 2800 185

130 2818 265 2897 Sipario,
290 2817 447 2878 clamosum
471 2838 577 2897 ageres
600 2829 629 2878 ut
651 2820 771 2880 Phasma
794 2818 908 2880 Catulli.

127 2900 304 2962 Laureolum
325 2902 414 2962 velox
437 2904 522 2963 etiam
545 2903 622 2963 hene
642 2902 778 2962 Lentulus
802 2904 873 2998 egit,

128 2983 229 3046 Iudice
252 3002 299 3044 me
320 2984 422 3063 dignas
442 3004 514 3046 vera
534 3005 633 3047 cruce.
665 2984 729 3044 Nec
749 2993 843 3043 tamen
865 2985 921 3062 ipsi

128 3066 271 3144 Ignoscas
294 3069 421 3148 populo:
443 3069 544 3149 populi
566 3070 646 3129 frons
669 3067 767 3128 durior
788 3067 882 3142 huius,

130 3149 187 3223 Qui
209 3150 294 3211 sedet
316 3160 346 3211 et
368 3161 483 3232 spectat
503 3154 651 3213 triscurria
672 3152 868 3230 patriciorum,
1063 3157 1112 3212 190

128 3233 302 3312 Planipedes
328 3235 407 3296 audit
426 3235 549 3312 Fabios,
572 3236 668 3296 ridere
686 3242 786 3314 potest
807 3235 854 3312 qui

127 3315 341 3378 Mamercorum
364 3319 473 3398 alapas.
508 3318 611 3392 Quanti
633 3336 684 3380 sua
705 3319 806 3378 funere
826 3315 961 3391 vendant,

128 3398 205 3472 Quid
227 3398 339 3460 refert?
361 3403 488 3462 vendunt
509 3403 589 3462 nullo
611 3411 737 3480 cogente
758 3401 886 3477 Nerone,

127 3481 192 3544 Nec
214 3483 346 3543 dubitant
366 3484 440 3545 celsi
461 3486 606 3562 praetoris
629 3485 758 3545 vendere
780 3484 865 3545 ludis.
