2626 4006
475 261 601 310 saulus
622 264 696 311 vm.
766 295 768 300 -

118 402 267 464 Nocturna
291 408 320 458 et
341 397 468 459 flammas
490 399 623 460 domibus
643 402 818 481 templisque
840 408 959 484 paratis,

119 485 155 547 Ut
178 484 382 545 braccatorum
405 484 488 562 pueri
511 485 714 563 Senonumque
734 487 872 563 minores,

118 570 189 629 Ausi
210 567 288 646 quod
312 566 401 626 liceat
421 568 517 626 tunica
540 569 640 645 punire
664 569 797 629 molesta.
1053 589 1104 642 2³5

119 651 179 713 Sed
199 651 301 728 vigilat
324 649 425 710 consul
448 650 615 730 vexillaque
636 662 735 715 vestra
757 665 892 716 coercet:
973 650 975 655 ’

118 735 170 796 llic
193 752 287 794 novus
307 733 449 811 Arpinas,
476 734 613 811 ignobilis
632 745 662 795 et
680 737 767 798 modo
790 735 901 800 Romae

117 818 300 895 Municipalis
323 835 432 895 eques,
459 817 604 894 galeatum
625 821 706 898 ponit
724 821 832 900 ubique

117 902 295 962 Praesidium
317 902 444 961 attonitis
467 910 497 960 et
517 903 547 960 iu
569 904 645 961 omni
666 913 762 965 monte
784 903 907 965 laborat.

117 985 238 1046 Tantum
257 985 344 1061 igitur
364 1001 460 1043 muros
481 986 555 1045 intra
574 994 642 1064 toga
663 987 783 1048 contulit
802 987 845 1047 illi
1051 1003 1104 1056 ado

118 1068 246 1130 Nominis
274 1085 309 1127 ac
334 1067 424 1142 tituli,
451 1077 585 1147 quantum
605 1071 655 1129 vix
674 1070 825 1148 Leucade,
849 1083 983 1151 quantum
1091 1079 1100 1098 ⁹

117 1151 289 1213 Thessaliae
313 1152 423 1228 campis
446 1150 583 1228 Octauius
605 1153 722 1215 abstulit
744 1155 801 1215 udo

117 1234 262 1296 caedibus
284 1234 407 1294 assiduis
429 1234 543 1312 gladio:
568 1236 621 1297 sed
642 1236 733 1301 Roma
756 1230 916 1318 parentem,

116 1318 212 1402 Roma
231 1327 345 1397 patrem
367 1320 479 1396 patriae
502 1318 675 1380 Ciceronem
697 1322 791 1382 libera
813 1323 893 1384 dixit.

115 1404 244 1482 Arpinas
266 1401 339 1461 alius
360 1401 536 1462 Volscorum
558 1406 587 1462 iu
606 1415 703 1464 monte
727 1405 843 1465 solebat
1051 1419 1102 1472 245

115 1486 247 1546 Poscere
270 1485 439 1562 mercedes,
463 1485 559 1546 alieno
582 1486 676 1546 lassus
700 1497 809 1555 aratro;

114 1569 266 1630 Nodosam
290 1578 360 1647 post
381 1569 456 1629 baec
476 1569 628 1648 frangebat
650 1573 761 1631 vertice
783 1574 882 1649 vitem,

116 1655 146 1714 si
169 1653 263 1713 lentus
287 1654 372 1731 pigra
393 1653 516 1713 muniret
538 1663 633 1714 castra
654 1654 789 1715 dolabra:

114 1737 170 1796 Hic
192 1747 289 1797 tamen
311 1746 339 1796 et
363 1734 495 1796 Gimbros
518 1747 547 1797 et
569 1756 676 1798 summa
698 1739 829 1817 pericula
853 1758 949 1800 rerum

115 1819 252 1898 Excipit,
276 1828 305 1879 et
327 1818 408 1878 solus
432 1821 622 1898 trepidantem
644 1823 771 1900 protegit
793 1822 911 1892 nrbem;
1050 1837 1100 1889 250

115 1905 214 1982 Atque
236 1902 319 1979 ideo,
343 1912 496 1981 postquam
518 1905 554 1965 ad
576 1902 709 1964 Gimbros
732 1915 916 1985 stragemque
937 1908 1085 1986 volabant,

116 1986 174 2060 Qui
196 2003 350 2066 numquam
372 1988 525 2063 attigerant
546 1989 655 2049 maiora
675 1990 844 2066 cadavera,
858 1992 949 2066 corvi,
1063 2005 1065 2008 ·

115 2069 233 2130 Nobilis
256 2078 373 2130 ornatur
395 2069 476 2129 laturo
499 2070 616 2148 collega
637 2072 773 2131 secunda.

114 2152 256 2214 Plebeiae
279 2152 436 2212 Deciorum
458 2155 584 2230 animae,
606 2154 722 2232 plebeia
743 2154 859 2214 luerunt
959 2201 961 2206 .

114 2237 254 2297 Numina:
275 2253 329 2315 pro
352 2237 421 2295 totis
444 2236 609 2314 legionibus
631 2238 659 2298 bi
677 2247 771 2298 tamen
794 2248 823 2298 et
842 2256 896 2318 pro
1051 2249 1103 2302 255

115 2320 255 2381 Omnibus
277 2319 390 2379 auxiliis
409 2328 496 2398 atque
518 2323 594 2380 omni
614 2321 692 2400 pube
714 2321 812 2381 Latina

113 2404 268 2466 Sufficiunt
291 2403 334 2462 dis
356 2402 476 2462 infernis
498 2412 655 2484 terraeque
678 2407 807 2484 parenti;

111 2488 209 2548 Pluris
232 2489 306 2546 enim
329 2486 429 2562 Decii,
453 2505 538 2565 quam
560 2507 635 2568 quae
656 2499 806 2549 servantur
828 2489 864 2549 ab
887 2491 954 2552 illis.

112 2572 232 2633 Ancilla
256 2579 339 2630 natus
360 2569 490 2630 trabeam
510 2581 539 2630 et
560 2571 691 2632 diadema
714 2571 823 2646 Quirini

111 2655 149 2716 lli
171 2655 271 2715 fasces
293 2655 395 2714 meruit
416 2673 518 2732 regum
538 2655 652 2716 ultimus
672 2656 723 2717 ille
742 2656 897 2716 bonorum:
1051 2665 1103 2720 260

111 2738 232 2798 Prodita
254 2737 391 2798 laxabant
412 2748 560 2816 portarum
581 2740 706 2800 claustra
724 2743 851 2814 tyrannis

110 2821 258 2882 Exulibus
278 2823 399 2881 iuvenes
422 2823 514 2899 ipsius
538 2823 666 2883 consulis
690 2833 719 2882 et
741 2841 815 2901 quos

109 2904 251 2984 liagnum
273 2904 380 2983 aliquid
404 2904 490 2966 dubia
510 2924 563 2984 pro
586 2906 720 2966 libertate
743 2907 873 2982 deceret,

111 2989 202 3062 Quod
227 2990 379 3047 miraretur
402 3007 466 3048 cum
490 2987 604 3049 Coclite
625 2988 737 3049 Mucius
762 2999 791 3048 ct
812 3007 886 3068 qnae

7 3113 8 3118 κ
109 3071 233 3152 imperii
249 3071 321 3132 lines
339 3070 505 3132 Tiberinum
522 3074 607 3151 virgo
628 3075 744 3132 natavit.
1051 3081 1102 3136 265
1149 3089 1155 3112 ⁴

110 3154 239 3217 Occulta
256 3156 299 3217 ad
320 3164 421 3235 patres
443 3157 579 3233 produxit
603 3157 720 3218 crimina
742 3175 855 3233 servus,

109 3237 254 3301 Ilatronis
275 3238 435 3317 lugendus3
460 3251 488 3301 at
509 3240 576 3300 illos
597 3239 721 3300 verbera
742 3242 839 3314 iustis⁴

113 3322 254 3383 Alliciunt
278 3325 382 3402 poenis
407 3333 435 3384 et
457 3325 554 3402 legum
574 3325 665 3402 prima
688 3327 809 3384 securis.

154 3405 234 3467 Ilalo
259 3416 343 3486 pater
364 3406 416 3467 tibi
438 3407 474 3467 sit
496 3406 659 3485 Thersites,
683 3408 835 3469 dummodo
857 3410 949 3468 tusis

117 3488 264 3550 Aeacidae
287 3491 387 3551 similis
409 3490 609 3570 Vulcaniaque
632 3509 709 3551 anna
733 3510 883 3570 capessas,
1049 3500 1101 3554 270
