2626 4006
207 259 265 321 102
535 266 570 313 n.
593 262 875 311 menevensem

206 408 341 487 Cogebat
361 407 446 467 vacui
467 405 578 464 ventris
603 404 701 480 luror,
723 401 855 462 hostibus
877 403 949 480 ipsis
1141 416 1193 467 100

205 494 351 555 Pallorem
376 508 411 551 ac
432 490 554 550 maciem
577 497 731 547 attenues
756 486 959 546 miserantibus
982 494 1071 561 artus,

206 576 336 638 Membra
358 575 453 636 aliena
474 574 551 633 lame
574 570 760 646 innatabant,
789 588 857 629 esse
879 571 971 648 parati

206 662 245 722 Et
270 678 331 721 sua.
366 657 502 731 Quisnam
526 657 670 716 bominum
690 656 803 714 veniam
825 654 896 714 dare
923 654 1024 732 quisve
1048 654 1171 715 deorum

206 743 362 805 ventribus
386 741 527 803 abnueret
544 739 605 800 dira
629 748 715 817 atque
736 738 866 798 immania
888 738 983 815 passis

208 829 245 889 lit
268 826 371 906 quibus
394 825 508 886 illorum
529 832 663 902 poterant
683 824 840 899 ignoscere
861 839 971 896 manes,
1146 834 1194 885 105

208 913 337 986 Quorum
359 909 532 989 corporibus
552 902 768 967 vescebamur?
790 903 895 965 Melius
917 922 970 964 nos

209 996 335 1055 Zenonis
357 1002 517 1072 praecepta
538 1000 668 1059 monent:
696 1007 752 1048 nec
772 991 847 1048 enirn
870 989 979 1065 omnia,
1007 989 1151 1068 quaedam

209 1079 264 1138 Pro
288 1079 348 1138 vita
369 1077 502 1137 iacienda
525 1084 639 1153 putant:
668 1074 721 1134 sed
743 1071 887 1134 Cantaber
909 1073 984 1132 unde

209 1163 342 1238 Stoicus,
362 1161 471 1237 antiqui
493 1160 665 1237 praesertim
683 1164 779 1217 aetate
800 1153 934 1216 lletellil

209 1245 292 1306 Nunc
314 1254 391 1305 totus
414 1242 514 1303 Graias
535 1251 710 1320 nostrasque
733 1241 821 1301 babet
842 1240 922 1300 orbis
947 1240 1086 1316 Athenas,
1145 1250 1196 1302 110

210 1328 303 1390 Gallia
329 1327 492 1388 causidicos
515 1325 613 1386 docuit
638 1325 760 1385 facunda
782 1324 944 1399 britannos,

209 1413 255 1474 De
279 1409 469 1472 conducendo
493 1410 621 1489 loquitur
641 1411 696 1470 ianr
716 1408 836 1468 rhetore
858 1408 962 1484 Thyle.

209 1497 323 1557 Nobilis
350 1495 401 1556 ille
424 1505 520 1555 tamen
541 1494 684 1573 populus,
712 1511 797 1571 quem
824 1492 961 1567 diximus,
989 1501 1018 1550 et
1041 1509 1095 1569 par

210 1581 324 1641 Virtute
349 1588 437 1659 atque
464 1579 537 1655 lide,
561 1578 615 1638 sed
635 1578 727 1636 maior
750 1576 849 1651 clade,
872 1576 1027 1652 saguntus,

210 1665 282 1726 Tale
304 1663 372 1742 quid
396 1671 531 1723 excusat:
560 1659 707 1721 Maeotide
729 1661 845 1721 saevior
867 1677 917 1720 ura
1146 1669 1196 1720 115

211 1749 374 1826 Aegyptus.
415 1745 530 1825 Quippe
552 1745 602 1805 illa
624 1744 738 1804 nefandi
762 1743 885 1805 Taurica
911 1744 987 1803 sacri

210 1832 357 1891 Inventrix
378 1829 509 1889 homines
534 1830 673 1907 (utiam,
700 1845 774 1906 quae
797 1829 922 1887 carmina
944 1826 1067 1902 tradunt,

213 1915 306 1992 Digna
328 1915 385 1975 fide
408 1913 528 1992 credas)
551 1921 658 1972 tantum
683 1911 826 1987 immolat,
848 1912 969 1971 ulterius
990 1909 1029 1969 nil

212 2009 270 2058 Aut
293 1999 410 2076 gravius
434 1997 526 2057 cultro
548 1998 629 2056 timet
650 1996 759 2055 hostia:
786 1997 850 2074 quis
872 1995 958 2055 modo
983 2011 1068 2054 casus

211 2083 326 2161 lmpulit
347 2078 424 2141 hos?
453 2099 527 2160 quae
548 2087 626 2141 tanta
648 2080 740 2140 fames
761 2080 924 2157 infestaque
947 2078 1026 2138 vallo
1147 2087 1198 2139 120

212 2166 300 2226 Arma
324 2174 487 2243 coegemnt
509 2175 566 2225 tam
592 2163 765 2226 detestabile
788 2172 946 2223 monstrum

212 2245 355 2310 Auderel
381 2268 454 2310 anne
476 2249 577 2324 aliam,
604 2258 682 2309 terra
703 2246 890 2325 blempbitide
913 2249 1003 2322 sicca,

210 2333 349 2393 Invidiam
370 2334 502 2394 iacerent
526 2332 635 2392 nolenti
658 2350 780 2410 surgere
802 2328 893 2391 Nilol

213 2417 277 2491 Qua
300 2435 356 2477 nec
379 2415 525 2477 terribiles
548 2413 655 2476 Cimbri
677 2434 732 2476 nec
753 2415 887 2475 Bistones
910 2433 1043 2494 umquam

213 2503 460 2579 Sauromataeque
481 2509 579 2559 truces
604 2508 652 2558 aut
677 2501 813 2560 immanes
834 2499 1003 2577 Agathyrsi,
1148 2509 1198 2562 125
1309 2523 1310 2570 ;

212 2585 274 2644 Hac
296 2585 390 2644 saevit
410 2583 491 2643 rabie
514 2582 632 2642 imbelle
657 2591 687 2642 et
709 2582 808 2642 inutile
830 2584 947 2661 vulgus,

212 2667 335 2727 Parvula
356 2666 491 2726 fictilibus
514 2666 631 2726 solitum
652 2666 722 2727 dare
743 2667 810 2726 vela
832 2666 962 2745 phaselis

213 2749 251 2809 Et
276 2749 413 2810 brevibus
435 2751 532 2828 pictae
553 2752 640 2810 remis
668 2749 834 2810 incumbere
856 2758 960 2810 testae.

212 2833 277 2893 Nec
299 2851 423 2913 poenam
445 2835 551 2895 sceleri
572 2837 720 2910 invenies,
743 2852 799 2894 nec
820 2833 906 2910 digna
928 2834 1043 2912 parabis

214 2917 364 2997 Supplicia
384 2917 428 2978 bis
453 2919 587 2998 populis,
612 2920 640 2978 in
663 2936 785 2997 quorum
805 2927 901 2977 mente
924 2935 1010 2996 pares
1033 2925 1099 2976 sunt
1150 2925 1198 2978 136

213 3000 251 3061 lut
273 3001 382 3062 similes
404 3004 447 3062 ira
469 3014 555 3082 atque
575 3005 676 3063 tanes.
708 2999 877 3061 Mollissima
900 3001 989 3061 corda

214 3083 342 3144 Humano
367 3088 469 3163 generi
491 3087 560 3147 dare
586 3105 620 3146 se
642 3095 742 3145 natura
763 3086 879 3162 latetur,

216 3166 297 3240 Quae
322 3169 454 3230 lacrimas
477 3171 569 3238 dedit;
593 3170 667 3230 baec
687 3171 779 3228 nostri
798 3187 867 3248 pars
891 3171 998 3247 optima
1019 3184 1134 3226 sensus.

214 3251 333 3312 Plorare
357 3270 429 3331 ergo
451 3253 532 3314 iubet
556 3273 671 3315 causam
692 3254 814 3314 dicentis
837 3253 921 3311 amici

214 3335 445 3416 squaloremque
469 3339 529 3414 rei,
552 3337 692 3416 pupillum
714 3336 749 3397 ad
769 3338 831 3396 iura
854 3345 1008 3396 vocantem
1149 3341 1197 3396 1³5

215 3417 520 3497 Circumscriptorem,
543 3423 623 3480 cuius
644 3422 786 3480 manantia
807 3420 877 3480 lletu

215 3499 272 3561 Ora
295 3501 442 3579 puellares
467 3504 575 3563 iaciunt
599 3505 709 3563 incerta
732 3502 840 3580 capilli.
