2626 4006
207 183 267 288 loo
535 238 571 285 o.
587 238 658 285 unu.
676 234 860 284 monulus

206 378 256 440 Sic
279 378 381 456 aliquis
404 378 506 437 merito
525 378 650 437 nondum
673 376 770 436 ebrius
794 383 824 435 et
845 376 988 436 minimum
1010 377 1058 455 qni

101 509 104 518 r
206 462 251 522 lle
273 459 441 536 Corcyraea
463 469 600 520 temetum
623 461 745 520 duxerat
766 477 850 527 urna;
1160 469 1196 524 25

207 545 294 605 Solus
316 546 390 604 enim
404 542 605 604 haecltbacus
628 544 707 604 nullo
730 543 783 603 snb
806 551 881 602 teste
905 541 1037 602 canebat.

207 628 269 688 Nos
293 628 420 688 miranda
446 627 576 706 quidem,
602 628 654 687 sed
671 639 771 706 'nuper
793 625 913 686 consule
936 625 1025 684 luneo

208 712 298 774 Gesta
320 731 409 790 super
432 710 543 770 calidae
565 712 727 771 referemus
749 711 862 771 moenia
886 707 984 787 Copti,

207 795 268 855 Nos
290 795 371 873 vulgi
394 794 492 855 scelus
516 804 545 854 et
568 795 677 856 cunctis
699 795 834 872 graviora
857 793 1014 854 cothurnis.

207 878 279 940 Nam
295 879 408 954 scelus,
428 877 566 953 aPyrrha
585 896 755 958 quamquam
775 878 868 937 omnia
888 885 1014 952 syrmata
1032 875 1196 951 volvendo

207 962 310 1023 Nullus
332 963 408 1041 apud
431 963 559 1038 tragicos
582 961 707 1042 populns
730 961 814 1030 iacit;
839 962 961 1039 accipe,
985 968 1086 1018 nostro

207 1046 276 1110 Dira
300 1046 378 1124 qnod
398 1046 562 1124 exemplum
584 1046 685 1106 feritas
708 1045 878 1124 produxerit
892 1060 983 1103 aevo.

250 1129 329 1190 Inter
355 1129 595 1189 finitimos‘vetns
622 1139 709 1207 atque
735 1130 850 1207 antiqua
874 1127 1014 1202 simultas,

207 1212 372 1274 Immortale
399 1213 494 1273 odium
517 1221 546 1271 et
568 1230 718 1292 numquam
742 1210 872 1272 sanabile
894 1211 997 1272 vuinus

208 1297 302 1357 Ardet
324 1295 433 1372 adbuc,
457 1294 565 1356 Ombos
591 1306 620 1357 et
642 1295 778 1374 Tentyra.
813 1296 944 1356 Summus
966 1293 1109 1371 utrimque
1160 1302 1196 1357 st

208 1380 279 1440 lnde
298 1380 379 1440 luror
400 1379 507 1456 vulgo,
530 1378 606 1458 quod
624 1381 736 1440 numina
763 1380 923 1438 uicinorum

210 1463 277 1524 Odit
301 1473 423 1543 uterque
446 1463 548 1539 locus,
572 1482 658 1543 quum
681 1463 762 1523 solos
787 1462 888 1523 credat
910 1460 1061 1522 babendos

209 1546 286 1607 Esse
309 1547 397 1623 deos,
421 1564 494 1625 qnos
517 1550 581 1626 ipse
605 1547 683 1608 colit.
717 1547 776 1607 Sed
797 1556 929 1624 tempore
952 1545 1029 1605 lesto

209 1631 339 1690 Alterius
362 1630 464 1709 populi
485 1632 623 1709 rapienda
648 1633 765 1690 occasio
789 1631 900 1689 eunetis

209 1714 279 1774 Visa
302 1715 479 1773 inimieorum
501 1714 675 1792 primoribus
698 1733 731 1774 ae
755 1711 891 1790 ducibus,
915 1731 953 1772 ne
1161 1721 1197 1774 40

211 1797 327 1858 Laetum
349 1796 528 1874 hilaremque
551 1797 644 1872 diem,
667 1816 703 1856 ne
726 1815 850 1875 magnae
869 1795 974 1874 gandia
996 1814 1108 1857 coenae

211 1881 373 1954 Sentirent,
395 1881 500 1958 positis
521 1880 557 1941 ad
581 1880 688 1958 templa
711 1889 741 1941 et
763 1881 888 1959 compita
909 1882 1017 1939 mensis

210 1963 406 2042 Pervigilique
431 1973 513 2039 toro,
537 1982 622 2042 quem
647 1973 734 2024 nocte
758 1984 792 2025 ac
815 1963 881 2023 luce
904 1964 1046 2024 iacentem

211 2049 356 2125 Septimus
378 2047 519 2107 interdum
541 2048 588 2108 sol
609 2049 725 2107 invenit.
754 2048 878 2109 Horrida
900 2065 970 2106 sane

211 2132 382 2209 Aegyptus,
409 2131 462 2190 sod
488 2130 616 2208 luxuria,
640 2141 773 2210 qnantum
798 2132 864 2208 ipse
886 2132 993 2206 notaui,

210 2214 337 2275 Barbara
358 2214 471 2275 famoso
494 2231 552 2274 non
575 2213 652 2274 cedit
673 2216 756 2274 turba
781 2212 913 2292 Canopo.

211 2297 312 2372 Adde,
339 2298 416 2375 qnod
439 2298 583 2358 etfacilis
605 2300 727 2358 victoria
749 2299 785 2358 de
808 2297 928 2356 madidis
952 2307 982 2357 et

210 2381 324 2441 Blaesis
348 2391 435 2459 atque
458 2399 539 2441 mero
561 2381 763 2441 titubantibus:
786 2381 852 2441 inde
875 2380 1002 2440 virorum

212 2464 337 2524 Saltatns
360 2466 444 2541 nigro
465 2463 601 2540 tibicine,
624 2466 845 2545 qualiacumque

211 2547 364 2623 Unguenta
389 2557 424 2625 et
440 2547 529 2607 ilores
550 2548 715 2628 multaeque
737 2551 766 2608 in
787 2549 882 2608 fronte
905 2563 1049 2616 coronae;

211 2629 284 2689 Hinc
308 2631 432 2689 ieiunum
457 2630 561 2690 odium.
595 2632 654 2692 Sed
678 2634 770 2710 iurgia
792 2633 882 2711 prima
904 2648 1010 2691 sonare

119 2782 125 2793 .
210 2713 353 2790 Incipiunt
378 2715 476 2773 animis
500 2715 681 2792 ardentibnS,
705 2716 779 2777 haee
800 2714 868 2776 tuba
890 2716 987 2783 rixae;

210 2796 287 2856 Dein
308 2797 436 2857 clamore
460 2799 522 2876 pari
545 2801 742 2876 concurritur,
769 2808 799 2859 et
819 2801 885 2858 vice
906 2798 958 2858 teli

212 2881 312 2940 Saevit
332 2880 408 2942 nuda
430 2900 542 2952 manns;
564 2902 676 2962 paucae
699 2885 761 2943 sine
783 2882 904 2942 vulnere
926 2882 1030 2959 malae,

210 2964 268 3023 Vix
291 2965 423 3043 cuiqnam
446 2975 494 3026 aut
513 2968 583 3027 nulli
605 2977 666 3026 toto
692 2969 847 3026 certamine
869 2983 954 3025 nasus

211 3047 346 3125 Integer,
369 3050 518 3128 aspiceres
540 3053 595 3111 iam
619 3061 719 3112 cuncta
740 3069 794 3129 per
815 3051 927 3126 agmina
950 3049 1045 3109 uultus

211 3128 370 3208 Dimidios,
397 3132 469 3192 alias
494 3134 586 3194 lanies
608 3143 637 3194 et
659 3134 764 3194 biantia
789 3135 881 3211 ruptis

213 3213 288 3274 Ossa
309 3216 409 3292 genis,
432 3215 537 3293 plenos
560 3217 709 3277 oculorum
731 3219 870 3295 sangnine
892 3233 1016 3294 pugnos.

212 3296 326 3358 Ludere
350 3316 383 3357 se
408 3299 527 3359 credunt
548 3301 604 3378 ipsi
626 3310 721 3361 tamen
747 3311 777 3361 et
798 3299 928 3380 pueriles

153 3439 160 3450 ,
185 3429 190 3440 ,
213 3379 364 3441 Exercere
386 3382 482 3456 aoies,
504 3382 581 3460 qnod
602 3384 680 3444 nulla
703 3385 844 3445 cadauera
866 3383 994 3452 calcent;

89 3467 160 3539 „13
188 3461 251 3536 {itt
270 3482 339 3523 sane
363 3481 420 3541 quo
444 3473 486 3524 tot
508 3468 626 3526 rixantis
647 3467 724 3528 milia
761 3467 872 3544 turbae,
