2600 4006
556 235 591 281 D.
616 233 687 280 nm.
710 228 896 278 IUVENALIS

612 721 791 800 nitidulis

382 851 1030 975 snulltnlttlltl

549 1083 651 1150 suurn
678 1075 857 1146 susurrus.
903 1053 904 1056 ‘

624 1251 789 1264 -...---

529 1377 886 1452 SATIRAVI.

211 1502 312 1596 Credo
336 1529 504 1591 Pudicitiam
528 1532 650 1592 Saturno
674 1546 747 1605 rege
769 1531 907 1584 moratam

215 1617 247 1678 ln
269 1615 356 1676 terris
377 1615 527 1694 visamque
551 1615 615 1689 diu,
640 1630 725 1692 quum
748 1608 981 1686 frigidaparvas

216 1698 377 1761 Praeberet
398 1699 538 1776 spelunca
561 1698 663 1758 domos
686 1698 840 1772 ignemque
861 1688 1010 1762 laremque

215 1784 253 1844 Et
275 1800 368 1862 pecus
390 1791 420 1842 et
441 1782 573 1841 dominos
597 1779 738 1840 communi
760 1775 911 1836 clauderet
933 1766 1045 1834 umbrae
1117 1829 1120 1832 ,

217 1868 388 1928 silvestrem
408 1875 542 1925 montana
563 1875 655 1925 torum
675 1881 760 1942 quum
782 1862 928 1920 sterneret
950 1867 1024 1934 uxor
1193 1856 1210 1910 5

216 1949 380 2012 Frondibus
406 1960 435 2010 et
458 1948 552 2010 culmo
572 1950 788 2024 vicinarumque
811 1945 937 2003 ferarum

217 2035 363 2110 Pellibus,
387 2033 462 2095 haud
483 2033 583 2092 similis
607 2033 676 2107 tibi,
698 2029 837 2105 Cynthia,
857 2041 913 2084 nec
933 2018 1001 2094 tibi,
1026 2018 1107 2076 cuius

218 2119 357 2180 Turbarit
378 2118 485 2178 nitidos
508 2118 668 2177 exstinctus
687 2131 791 2192 passer
813 2109 939 2181 ocellos,

218 2205 279 2265 Sed
301 2203 428 2282 potanda
453 2202 553 2262 lereus
576 2199 730 2260 infantibus
753 2195 844 2256 ubera
866 2190 987 2268 maguis,

218 2288 255 2349 Et
273 2305 364 2366 saepe
385 2287 531 2346 horridior
552 2285 687 2362 glandem
709 2289 840 2341 ructante
863 2276 975 2336 marito.
1179 2281 1213 2330 10

220 2372 335 2450 Quippe
358 2370 442 2430 aliter
462 2378 529 2428 tuuc
549 2368 621 2427 orbe
643 2383 720 2427 novo
743 2363 889 2441 coeloque
912 2355 1025 2417 recenti

218 2453 364 2514 Vivebaut
387 2453 536 2528 homiues,
561 2453 610 2530 qui
632 2459 716 2529 rupto
740 2446 850 2508 robore
873 2443 931 2503 nati

221 2537 419 2616 Compositive
442 2537 502 2596 luto
526 2533 621 2595 nullos
643 2533 773 2594 habuere
797 2526 943 2608 parentes.

219 2622 308 2684 Multa
331 2621 488 2700 pudicitiae
510 2622 619 2680 veteris
641 2619 765 2694 vestigia
787 2615 887 2674 forsan

223 2709 278 2766 Aut
301 2706 397 2784 aliqua
421 2706 584 2764 exstiterint
605 2712 634 2763 et
655 2701 708 2762 sub
729 2701 815 2772 love;
841 2696 894 2756 sed
916 2691 987 2752 love
1008 2688 1133 2749 nondum
1182 2696 1216 2748 15

221 2790 364 2864 Barbato,
387 2789 511 2848 noudum
534 2786 654 2852 Graecis
677 2788 773 2845 iurare
796 2782 904 2861 paratis

107 2889 109 2894 ·
140 2890 143 2896 ·
221 2876 277 2935 Per
300 2882 385 2953 caput
406 2873 539 2947 alterius,
565 2891 650 2952 quum
670 2870 762 2929 iurem
783 2883 868 2926 nemo
890 2864 1006 2922 timeret

223 2957 360 3018 Gaulibus
384 2966 413 3018 et
435 2959 529 3036 pomis
551 2965 580 3016 et
600 2964 702 3034 aperto
725 2955 839 3011 viveret
861 2948 956 3008 horto.
1066 2977 1068 2984 ·

223 3043 359 3108 Paulatim
381 3041 485 3104 deinde
509 3042 544 3101 ad
565 3055 690 3117 superos
712 3037 836 3096 Astraea
857 3028 983 3091 recessit

223 3127 284 3186 llac
306 3129 428 3200 comite,
453 3134 539 3203 atque
562 3124 636 3183 duae
662 3122 770 3200 pariter
792 3119 896 3194 lugere
918 3128 1050 3174 sorores.v
1182 3115 1219 3166 mo

124 3243 130 3260 »·
224 3211 378 3290 Antiquum
401 3218 535 3270 etvetus
559 3217 604 3267 est
626 3206 767 3278 alienum,
790 3202 942 3273 Postume,
965 3196 1072 3255 lectum

225 3293 391 3354 concutere
413 3302 500 3371 atque
525 3293 602 3352 sacri
624 3290 741 3368 genium
767 3293 953 3347 contemnere
977 3277 1072 3338 fulcri.

225 3378 315 3438 Omne
334 3378 411 3437 aliud
433 3378 541 3436 crimen
562 3392 630 3434 mor
651 3374 748 3433 ferrea
772 3367 892 3450 protulit
912 3371 1009 3427 aetas:

224 3463 366 3522 Viderunt
387 3462 495 3539 primos
518 3468 657 3537 argentea
675 3455 774 3517 secula
797 3450 948 3512 moechos.
1057 3488 1061 3496 -
