2626 4006
200 229 241 292 90
527 232 562 277 D.
585 229 656 277 tunt.
679 219 865 274 tuvbrtnnts

202 380 349 442 Balontem
374 382 403 435 et
424 369 545 430 Laribus
568 369 683 427 cristam
705 364 875 443 promittere
896 361 968 438 galli

202 464 268 526 Non
291 459 412 524 audent:
437 454 506 532 quid
528 449 603 512 enim
624 465 746 528 sperare
770 445 942 507 nocentibus
965 443 1063 522 aegris

204 537 405 607 Concessum?
425 538 476 599 vel
499 553 574 615 quae
596 551 654 593 non
677 531 791 609 dignior
813 530 909 590 bostia
927 525 1008 589 vitai
1139 535 1192 591 Ἀθ.

203 629 321 691 Mobilis
344 623 475 686 etruria
497 628 543 680 est
564 619 655 680 ferme
676 625 777 676 natura
798 614 948 674 maiorum.

204 714 298 788 Quum
319 709 417 770 scelus
439 705 602 778 admittunt,
627 708 762 779 superest
783 699 959 776 constantim
983 696 1052 775 quid
1072 694 1118 756 fas

205 799 302 877 Atque
326 794 428 867 nefas,
451 789 566 850 tandem
591 786 730 864 incipiunt
752 783 861 843 sentire
883 783 1012 860 peractis

205 879 388 942 Criminibus.
422 872 531 934 Tamen
553 871 588 931 ad
610 887 708 930 mores
730 876 831 928 natura
853 865 977 925 recurrit

205 966 379 1036 Doureios,
404 959 460 1019 dxc
483 966 512 1017 et
534 955 635 1015 mutari
657 952 766 1012 nescia.
797 948 869 1009 Nam
892 951 955 1028 quis
1141 956 1194 1010 nto
1303 965 1304 1008 t

206 1046 350 1110 Peccandi
373 1043 457 1104 tinent
479 1041 577 1119 posuit
598 1033 673 1098 sibi?
697 1034 810 1115 quando
834 1034 948 1110 recepit
1303 1017 1304 1070 ἶ

206 1133 339 1193 Eiectum
360 1124 452 1187 semei
474 1124 569 1184 attrita
592 1121 628 1182 de
652 1120 748 1180 fronte
769 1113 926 1178 ruborem?

208 1217 344 1290 Quisnam
367 1209 512 1272 bominum
534 1215 596 1280 est,
620 1221 706 1283 quem
729 1211 758 1262 tu
782 1210 947 1262 contentum
965 1198 1075 1259 videris
1095 1216 1152 1258 uno

207 1293 353 1376 Flagitioi
385 1293 463 1354 dabit
484 1293 512 1350 iu
536 1291 671 1367 laqueum
693 1287 817 1363 vestigia
839 1294 940 1345 noster

208 1381 338 1444 Perfidus
363 1387 392 1438 et
414 1378 487 1454 nigri
509 1376 634 1454 patietur
656 1371 784 1432 carceris
805 1387 909 1430 uncum
1147 1377 1199 1431 245

208 1469 267 1527 Aut
287 1465 373 1525 maris
396 1460 510 1539 Aegaei
534 1475 636 1536 rupem
659 1454 858 1533 scopulosque
882 1455 1051 1532 frequentes

209 1548 351 1610 Exulibus
371 1547 493 1624 magnis.
523 1543 621 1623 Poena
642 1538 785 1617 gaudebis
808 1555 904 1598 amara

208 1633 339 1693 Nominis
361 1631 462 1705 invisi,
486 1627 659 1702 tandemque
682 1622 814 1682 fatebere
836 1621 940 1697 laetus,

209 1717 273 1777 Nsc
295 1715 410 1775 surdum
434 1730 489 1772 noc
511 1710 643 1770 Tiresian
676 1723 847 1784 quemquam
871 1723 938 1766 esse
963 1705 1092 1765 deorum.

603 1896 815 1907 ---——·-—--—

527 1991 764 2107 snurn's
798 2037 892 2102 xro.
965 2004 967 2010 ’

212 2177 345 2270 Plurima
369 2211 449 2278 sunt,
472 2200 614 2277 Fusciue‚
639 2200 763 2260 etfama
787 2197 871 2274 digne
898 2194 1013 2253 sinistra

212 2294 249 2354 iit
275 2288 371 2348 nitidis
393 2284 533 2347 maculam
559 2284 710 2345 haesuram
734 2281 852 2360 iigentia
876 2276 975 2352 rebus,

214 2376 296 2450 Quae
318 2378 478 2432 monstrant
502 2369 559 2447 ipsi
581 2369 681 2447 pueris
702 2366 874 2442 traduntque
896 2368 1044 2440 parentes.

214 2461 245 2521 si
271 2457 408 2518 damnosa
435 2469 535 2513 senem
560 2453 637 2512 iuvat
658 2451 738 2527 alea,
765 2448 836 2508 ludit
858 2455 886 2506 et
907 2445 995 2505 beros
1067 2455 1071 2462 ’

214 2541 344 2604 bullatus
367 2554 517 2616 parvoque
541 2535 642 2596 eadem
664 2543 763 2595 movet
785 2549 863 2593 arma
880 2528 996 2602 fritillo.
1188 2537 1205 2588 b
1303 2559 1304 2568 κ

214 2624 279 2686 Nec
298 2621 400 2681 melius
422 2620 459 2680 de
481 2638 514 2680 se
536 2620 668 2697 cuiquam
691 2635 812 2699 sperare
833 2615 998 2695 propinquo

216 2705 368 2769 Concedet
388 2705 517 2781 iuvenis,
546 2706 593 2782 qui
614 2704 719 2765 radere
739 2701 843 2763 tubera
865 2707 973 2771 terrae,

215 2793 348 2854 Boletum
370 2788 490 2850 condire
514 2798 542 2848 et
565 2788 669 2849 eodem
692 2789 755 2848 iure
778 2791 911 2845 natantes

215 2877 355 2955 Morgere
379 2873 518 2934 ficedulas
543 2873 657 2950 didicit,
679 2871 827 2932 nebulone
849 2872 971 2946 parente

215 2961 253 3023 Et
279 2977 350 3021 caua
371 2967 549 3019 monstrante
573 2958 656 3035 gula:
681 2973 767 3036 quum
790 2951 928 3030 septimus
951 2963 1041 3008 anuus

217 3043 376 3106 Transierit
395 3060 532 3120 puerum,
559 3041 682 3101 nondum
708 3040 784 3100 omni
806 3038 893 3098 dente
915 3039 1029 3106 renato,

216 3128 358 3190 Barbatos
383 3126 454 3185 licet
474 3124 631 3186 admoveas
656 3124 736 3185 mille
756 3123 822 3183 inde
846 3119 1013 3195 magistros,

216 3213 289 3274 Hinc
311 3208 446 3286 totidem,
472 3211 570 3286 cupiet
593 3209 671 3270 lauto
700 3225 826 3268 coenore
852 3209 953 3282 paratu

217 3298 341 3374 Semper
367 3303 396 3353 et
421 3311 438 3370 a
463 3310 643 3369 magnanon
664 3293 846 3369 degenerare
871 3284 975 3346 culino.

216 3380 315 3440 biitem
337 3378 460 3438 animum
485 3385 513 3436 et
535 3393 632 3436 mores
657 3377 778 3437 modicis
798 3369 947 3434 erroribus
973 3380 1086 3442 aequos
1176 3369 1209 3422 to
1303 3391 1304 3418 3

217 3461 363 3538 Praecipit
389 3469 477 3539 atque
499 3461 606 3521 animas
629 3477 781 3521 servorum
803 3466 833 3518 et
860 3468 987 3532 corpora
1011 3456 1113 3508 nostra
