<?xml version="1.0" encoding="UTF-8"?>
<!DOCTYPE html PUBLIC "-//W3C//DTD XHTML 1.0 Transitional//EN"
    "http://www.w3.org/TR/xhtml1/DTD/xhtml1-transitional.dtd">
<html xmlns="http://www.w3.org/1999/xhtml" xml:lang="en" lang="en">
 <head>
  <title>
</title>
<meta http-equiv="Content-Type" content="text/html;charset=utf-8" />
  <meta name='ocr-system' content='tesseract 3.04.00' />
  <meta name='ocr-capabilities' content='ocr_page ocr_carea ocr_par ocr_line ocrx_word'/>
</head>
<body>
  <div class='ocr_page' id='page_1' title='image "./satirarumlibriq03juvegoog_0069.png"; bbox 0 0 2600 4006; ppageno 0'>
   <div class='ocr_carea' id='block_1_1' title="bbox 147 245 884 320">
    <p class='ocr_par' dir='ltr' id='par_1_1' title="bbox 147 245 884 320">
     <span class='ocr_line' id='line_1_1' title="bbox 147 245 884 320; baseline -0.008 -12"><span class='ocrx_word' id='word_1_1' title='bbox 147 245 150 250; x_wconf 85' lang='lat'>&#39;</span> <span class='ocrx_word' id='word_1_2' title='bbox 214 245 256 320; x_wconf 78' lang='lat'><strong>26</strong></span> <span class='ocrx_word' id='word_1_3' title='bbox 524 257 579 310; x_wconf 79' lang='lat' dir='ltr'><strong>o.</strong></span> <span class='ocrx_word' id='word_1_4' title='bbox 602 257 673 303; x_wconf 81' lang='lat' dir='ltr'><strong>run.</strong></span> <span class='ocrx_word' id='word_1_5' title='bbox 697 254 884 304; x_wconf 80' lang='lat' dir='ltr'><strong>ruvnunnro</strong></span> 
     </span>
    </p>
   </div>
   <div class='ocr_carea' id='block_1_2' title="bbox 214 395 975 474">
    <p class='ocr_par' dir='ltr' id='par_1_2' title="bbox 214 395 975 474">
     <span class='ocr_line' id='line_1_2' title="bbox 214 395 975 474; baseline -0.003 -16"><span class='ocrx_word' id='word_1_6' title='bbox 214 397 330 458; x_wconf 79' lang='lat' dir='ltr'><strong>Instruit</strong></span> <span class='ocrx_word' id='word_1_7' title='bbox 353 414 425 474; x_wconf 86' lang='lat' dir='ltr'><strong>ergo</strong></span> <span class='ocrx_word' id='word_1_8' title='bbox 447 396 544 456; x_wconf 83' lang='lat' dir='ltr'><strong>iocum</strong></span> <span class='ocrx_word' id='word_1_9' title='bbox 565 396 731 473; x_wconf 87' lang='lat' dir='ltr'><strong>provincia:</strong></span> <span class='ocrx_word' id='word_1_10' title='bbox 755 397 874 455; x_wconf 89' lang='lat' dir='ltr'><strong>sumitur</strong></span> <span class='ocrx_word' id='word_1_11' title='bbox 894 395 975 456; x_wconf 89' lang='lat' dir='ltr'><strong>illinc</strong></span> 
     </span>
    </p>
   </div>
   <div class='ocr_carea' id='block_1_3' title="bbox 90 478 959 558">
    <p class='ocr_par' dir='ltr' id='par_1_3' title="bbox 90 478 959 558">
     <span class='ocr_line' id='line_1_3' title="bbox 90 478 959 558; baseline -0.002 -20"><span class='ocrx_word' id='word_1_12' title='bbox 90 531 92 538; x_wconf 82' lang='grc'>,</span> <span class='ocrx_word' id='word_1_13' title='bbox 196 494 198 496; x_wconf 84' lang='grc'><em>·</em></span> <span class='ocrx_word' id='word_1_14' title='bbox 215 481 300 554; x_wconf 83' lang='lat' dir='ltr'><strong>Quod</strong></span> <span class='ocrx_word' id='word_1_15' title='bbox 325 489 457 558; x_wconf 86' lang='lat' dir='ltr'><strong>captator</strong></span> <span class='ocrx_word' id='word_1_16' title='bbox 477 487 551 540; x_wconf 89' lang='lat' dir='ltr'><strong>emat</strong></span> <span class='ocrx_word' id='word_1_17' title='bbox 566 479 687 556; x_wconf 80' lang='lat' dir='ltr'><strong>Laenas,</strong></span> <span class='ocrx_word' id='word_1_18' title='bbox 701 478 820 539; x_wconf 80' lang='lat' dir='ltr'><strong>Aurelia</strong></span> <span class='ocrx_word' id='word_1_19' title='bbox 842 480 959 540; x_wconf 84' lang='lat' dir='ltr'><strong>vendat.</strong></span> 
     </span>
    </p>
   </div>
   <div class='ocr_carea' id='block_1_4' title="bbox 186 564 1206 3657">
    <p class='ocr_par' dir='ltr' id='par_1_4' title="bbox 186 564 1206 3657">
     <span class='ocr_line' id='line_1_4' title="bbox 213 564 956 642; baseline -0.001 -20"><span class='ocrx_word' id='word_1_20' title='bbox 213 565 331 623; x_wconf 89' lang='lat' dir='ltr'><strong>Virroni</strong></span> <span class='ocrx_word' id='word_1_21' title='bbox 352 582 486 624; x_wconf 92' lang='lat' dir='ltr'><strong>muraena</strong></span> <span class='ocrx_word' id='word_1_22' title='bbox 508 564 609 639; x_wconf 91' lang='lat' dir='ltr'><strong>datur,</strong></span> <span class='ocrx_word' id='word_1_23' title='bbox 637 581 712 642; x_wconf 87' lang='lat' dir='ltr'><strong>quae</strong></span> <span class='ocrx_word' id='word_1_24' title='bbox 733 564 856 623; x_wconf 88' lang='lat' dir='ltr'><strong>maxima</strong></span> <span class='ocrx_word' id='word_1_25' title='bbox 877 565 956 623; x_wconf 93' lang='lat' dir='ltr'><strong>venit</strong></span> 
     </span>
     <span class='ocr_line' id='line_1_5' title="bbox 214 646 1056 726; baseline -0.002 -18"><span class='ocrx_word' id='word_1_26' title='bbox 214 648 333 726; x_wconf 78' lang='lat' dir='ltr'>Gurgite</span> <span class='ocrx_word' id='word_1_27' title='bbox 356 647 392 707; x_wconf 95' lang='lat' dir='ltr'><strong>de</strong></span> <span class='ocrx_word' id='word_1_28' title='bbox 414 647 529 714; x_wconf 89' lang='lat' dir='ltr'><strong>Siculo;</strong></span> <span class='ocrx_word' id='word_1_29' title='bbox 553 665 617 707; x_wconf 93' lang='lat' dir='ltr'><strong>nam</strong></span> <span class='ocrx_word' id='word_1_30' title='bbox 640 647 706 706; x_wconf 94' lang='lat' dir='ltr'><strong>dum</strong></span> <span class='ocrx_word' id='word_1_31' title='bbox 729 664 762 706; x_wconf 91' lang='lat' dir='ltr'><strong>se</strong></span> <span class='ocrx_word' id='word_1_32' title='bbox 785 649 914 707; x_wconf 90' lang='lat' dir='ltr'><strong>continet</strong></span> <span class='ocrx_word' id='word_1_33' title='bbox 938 646 1056 724; x_wconf 79' lang='lat' dir='ltr'><strong>Auster,</strong></span> 
     </span>
     <span class='ocr_line' id='line_1_6' title="bbox 213 731 1039 810; baseline 0.001 -19"><span class='ocrx_word' id='word_1_34' title='bbox 213 732 287 791; x_wconf 87' lang='lat' dir='ltr'><strong>Dum</strong></span> <span class='ocrx_word' id='word_1_35' title='bbox 311 732 396 792; x_wconf 91' lang='lat' dir='ltr'><strong>sedet</strong></span> <span class='ocrx_word' id='word_1_36' title='bbox 419 741 448 790; x_wconf 92' lang='lat' dir='ltr'><strong>et</strong></span> <span class='ocrx_word' id='word_1_37' title='bbox 470 733 561 790; x_wconf 80' lang='lat' dir='ltr'>siccat</span> <span class='ocrx_word' id='word_1_38' title='bbox 583 731 710 790; x_wconf 88' lang='lat' dir='ltr'><strong>madidas</strong></span> <span class='ocrx_word' id='word_1_39' title='bbox 732 732 760 788; x_wconf 92' lang='lat' dir='ltr'><strong>in</strong></span> <span class='ocrx_word' id='word_1_40' title='bbox 783 748 905 791; x_wconf 88' lang='lat' dir='ltr'><strong>carcere</strong></span> <span class='ocrx_word' id='word_1_41' title='bbox 928 733 1039 810; x_wconf 77' lang='lat' dir='ltr'><strong>pinnas,</strong></span> 
     </span>
     <span class='ocr_line' id='line_1_7' title="bbox 214 812 1015 890; baseline 0 -15"><span class='ocrx_word' id='word_1_42' title='bbox 214 814 406 875; x_wconf 78' lang='lat' dir='ltr'><strong>Contemnunt</strong></span> <span class='ocrx_word' id='word_1_43' title='bbox 427 815 550 874; x_wconf 91' lang='lat' dir='ltr'><strong>mediam</strong></span> <span class='ocrx_word' id='word_1_44' title='bbox 570 815 724 874; x_wconf 89' lang='lat' dir='ltr'><strong>temeraria</strong></span> <span class='ocrx_word' id='word_1_45' title='bbox 747 814 804 874; x_wconf 92' lang='lat' dir='ltr'><strong>lina</strong></span> <span class='ocrx_word' id='word_1_46' title='bbox 827 812 1015 890; x_wconf 70' lang='lat' dir='ltr'><strong>Charybdim:</strong></span> 
     </span>
     <span class='ocr_line' id='line_1_8' title="bbox 214 897 992 976; baseline 0.001 -19"><span class='ocrx_word' id='word_1_47' title='bbox 214 898 276 959; x_wconf 90' lang='lat' dir='ltr'><strong>Vos</strong></span> <span class='ocrx_word' id='word_1_48' title='bbox 297 898 423 976; x_wconf 75' lang='lat' dir='ltr'><strong>anguilla</strong></span> <span class='ocrx_word' id='word_1_49' title='bbox 447 907 542 958; x_wconf 89' lang='lat' dir='ltr'><strong>manet</strong></span> <span class='ocrx_word' id='word_1_50' title='bbox 563 897 670 975; x_wconf 87' lang='lat' dir='ltr'><strong>longae</strong></span> <span class='ocrx_word' id='word_1_51' title='bbox 693 907 817 974; x_wconf 91' lang='lat' dir='ltr'><strong>cognata</strong></span> <span class='ocrx_word' id='word_1_52' title='bbox 840 898 992 976; x_wconf 91' lang='lat' dir='ltr'><strong>colubrae,</strong></span> 
     </span>
     <span class='ocr_line' id='line_1_9' title="bbox 213 981 1009 1061; baseline 0 -19"><span class='ocrx_word' id='word_1_53' title='bbox 213 983 271 1042; x_wconf 75' lang='lat' dir='ltr'><strong>Aut</strong></span> <span class='ocrx_word' id='word_1_54' title='bbox 293 983 390 1060; x_wconf 89' lang='lat' dir='ltr'><strong>glacie</strong></span> <span class='ocrx_word' id='word_1_55' title='bbox 412 999 550 1060; x_wconf 89' lang='lat' dir='ltr'><strong>aspersus</strong></span> <span class='ocrx_word' id='word_1_56' title='bbox 574 981 695 1041; x_wconf 85' lang='lat' dir='ltr'><strong>maculis</strong></span> <span class='ocrx_word' id='word_1_57' title='bbox 717 981 870 1042; x_wconf 80' lang='lat' dir='ltr'><strong>Tiberinus</strong></span> <span class='ocrx_word' id='word_1_58' title='bbox 895 985 1009 1061; x_wconf 86' lang='lat' dir='ltr'><strong>etipse</strong></span> 
     </span>
     <span class='ocr_line' id='line_1_10' title="bbox 212 1063 1036 1145; baseline -0.001 -18"><span class='ocrx_word' id='word_1_59' title='bbox 212 1067 342 1127; x_wconf 87' lang='lat' dir='ltr'><strong>Vernula</strong></span> <span class='ocrx_word' id='word_1_60' title='bbox 363 1068 505 1144; x_wconf 89' lang='lat' dir='ltr'><strong>riparum,</strong></span> <span class='ocrx_word' id='word_1_61' title='bbox 530 1066 645 1145; x_wconf 88' lang='lat' dir='ltr'><strong>pinguis</strong></span> <span class='ocrx_word' id='word_1_62' title='bbox 673 1074 803 1126; x_wconf 86' lang='lat' dir='ltr'><strong>torrente</strong></span> <span class='ocrx_word' id='word_1_63' title='bbox 827 1065 928 1126; x_wconf 88' lang='lat' dir='ltr'><strong>cloaca</strong></span> <span class='ocrx_word' id='word_1_64' title='bbox 1035 1063 1036 1066; x_wconf 65' lang='grc'>’</span> 
     </span>
     <span class='ocr_line' id='line_1_11' title="bbox 212 1149 1016 1227; baseline -0.004 -16"><span class='ocrx_word' id='word_1_65' title='bbox 212 1151 250 1211; x_wconf 83' lang='lat' dir='ltr'><strong>Et</strong></span> <span class='ocrx_word' id='word_1_66' title='bbox 273 1150 377 1211; x_wconf 87' lang='lat' dir='ltr'><strong>solitus</strong></span> <span class='ocrx_word' id='word_1_67' title='bbox 399 1149 513 1209; x_wconf 89' lang='lat' dir='ltr'><strong>mediae</strong></span> <span class='ocrx_word' id='word_1_68' title='bbox 539 1159 668 1227; x_wconf 75' lang='lat' dir='ltr'><strong>cryptam</strong></span> <span class='ocrx_word' id='word_1_69' title='bbox 691 1158 849 1227; x_wconf 89' lang='lat' dir='ltr'><strong>penetrare</strong></span> <span class='ocrx_word' id='word_1_70' title='bbox 874 1149 1016 1210; x_wconf 80' lang='lat' dir='ltr'><strong>Suburae.</strong></span> 
     </span>
     <span class='ocr_line' id='line_1_12' title="bbox 255 1233 1046 1312; baseline 0 -18"><span class='ocrx_word' id='word_1_71' title='bbox 255 1234 315 1312; x_wconf 91' lang='lat' dir='ltr'><strong>lpsi</strong></span> <span class='ocrx_word' id='word_1_72' title='bbox 340 1252 434 1311; x_wconf 88' lang='lat' dir='ltr'><strong>pauca</strong></span> <span class='ocrx_word' id='word_1_73' title='bbox 454 1233 557 1308; x_wconf 87' lang='lat' dir='ltr'><strong>velim,</strong></span> <span class='ocrx_word' id='word_1_74' title='bbox 581 1233 699 1294; x_wconf 83' lang='lat' dir='ltr'><strong>facilem</strong></span> <span class='ocrx_word' id='word_1_75' title='bbox 722 1235 745 1292; x_wconf 90' lang='lat' dir='ltr'><strong>si</strong></span> <span class='ocrx_word' id='word_1_76' title='bbox 767 1233 910 1312; x_wconf 89' lang='lat' dir='ltr'><strong>praebeat</strong></span> <span class='ocrx_word' id='word_1_77' title='bbox 933 1252 1046 1294; x_wconf 91' lang='lat' dir='ltr'><strong>aurem:</strong></span> 
     </span>
     <span class='ocr_line' id='line_1_13' title="bbox 213 1316 989 1396; baseline -0.001 -18"><span class='ocrx_word' id='word_1_78' title='bbox 213 1317 305 1378; x_wconf 89' lang='lat' dir='ltr'><strong>Nemo</strong></span> <span class='ocrx_word' id='word_1_79' title='bbox 329 1319 415 1396; x_wconf 90' lang='lat' dir='ltr'><strong>petit,</strong></span> <span class='ocrx_word' id='word_1_80' title='bbox 439 1317 561 1385; x_wconf 91' lang='lat' dir='ltr'><strong>modieis</strong></span> <span class='ocrx_word' id='word_1_81' title='bbox 585 1334 659 1396; x_wconf 86' lang='lat' dir='ltr'><strong>quae</strong></span> <span class='ocrx_word' id='word_1_82' title='bbox 683 1316 869 1378; x_wconf 83' lang='lat' dir='ltr'><strong>mittebantur</strong></span> <span class='ocrx_word' id='word_1_83' title='bbox 890 1319 989 1378; x_wconf 88' lang='lat' dir='ltr'><strong>amicis</strong></span> 
     </span>
     <span class='ocr_line' id='line_1_14' title="bbox 213 1398 1068 1480; baseline 0.001 -20"><span class='ocrx_word' id='word_1_84' title='bbox 213 1403 237 1460; x_wconf 80' lang='grc' dir='ltr'><strong>Α</strong></span> <span class='ocrx_word' id='word_1_85' title='bbox 262 1403 395 1478; x_wconf 87' lang='lat' dir='ltr'><strong>Seneca,</strong></span> <span class='ocrx_word' id='word_1_86' title='bbox 419 1418 494 1480; x_wconf 85' lang='lat' dir='ltr'><strong>quae</strong></span> <span class='ocrx_word' id='word_1_87' title='bbox 518 1398 585 1461; x_wconf 87' lang='lat' dir='ltr'><strong>Piso</strong></span> <span class='ocrx_word' id='word_1_88' title='bbox 608 1400 716 1476; x_wconf 91' lang='lat' dir='ltr'><strong>bonus,</strong></span> <span class='ocrx_word' id='word_1_89' title='bbox 741 1419 817 1480; x_wconf 90' lang='lat' dir='ltr'><strong>quae</strong></span> <span class='ocrx_word' id='word_1_90' title='bbox 842 1399 926 1461; x_wconf 87' lang='lat' dir='ltr'><strong>Gotta</strong></span> <span class='ocrx_word' id='word_1_91' title='bbox 951 1401 1068 1461; x_wconf 91' lang='lat' dir='ltr'><strong>solebat</strong></span> 
     </span>
     <span class='ocr_line' id='line_1_15' title="bbox 212 1485 948 1564; baseline -0.003 -18"><span class='ocrx_word' id='word_1_92' title='bbox 212 1486 339 1563; x_wconf 84' lang='lat' dir='ltr'><strong>Largiri;</strong></span> <span class='ocrx_word' id='word_1_93' title='bbox 365 1502 489 1564; x_wconf 85' lang='lat' dir='ltr'><strong>namque</strong></span> <span class='ocrx_word' id='word_1_94' title='bbox 514 1493 544 1544; x_wconf 88' lang='lat' dir='ltr'><strong>et</strong></span> <span class='ocrx_word' id='word_1_95' title='bbox 563 1485 653 1544; x_wconf 89' lang='lat' dir='ltr'><strong>titulis</strong></span> <span class='ocrx_word' id='word_1_96' title='bbox 676 1495 706 1545; x_wconf 93' lang='lat' dir='ltr'><strong>et</strong></span> <span class='ocrx_word' id='word_1_97' title='bbox 727 1485 856 1545; x_wconf 84' lang='lat' dir='ltr'><strong>fascibus</strong></span> <span class='ocrx_word' id='word_1_98' title='bbox 881 1486 948 1544; x_wconf 92' lang='lat' dir='ltr'><strong>olim</strong></span> 
     </span>
     <span class='ocr_line' id='line_1_16' title="bbox 212 1568 887 1646; baseline -0.001 -17"><span class='ocrx_word' id='word_1_99' title='bbox 212 1569 305 1630; x_wconf 87' lang='lat' dir='ltr'><strong>Maior</strong></span> <span class='ocrx_word' id='word_1_100' title='bbox 327 1568 489 1630; x_wconf 89' lang='lat' dir='ltr'><strong>habebatur</strong></span> <span class='ocrx_word' id='word_1_101' title='bbox 510 1568 633 1629; x_wconf 89' lang='lat' dir='ltr'><strong>donandi</strong></span> <span class='ocrx_word' id='word_1_102' title='bbox 659 1569 769 1646; x_wconf 90' lang='lat' dir='ltr'><strong>gloria:</strong></span> <span class='ocrx_word' id='word_1_103' title='bbox 794 1568 887 1629; x_wconf 91' lang='lat' dir='ltr'><strong>solum</strong></span> 
     </span>
     <span class='ocr_line' id='line_1_17' title="bbox 213 1652 1071 1729; baseline -0.003 -15"><span class='ocrx_word' id='word_1_104' title='bbox 213 1653 379 1729; x_wconf 72' lang='lat' dir='ltr'><strong>Posuimus,</strong></span> <span class='ocrx_word' id='word_1_105' title='bbox 402 1661 432 1713; x_wconf 91' lang='lat' dir='ltr'><strong>ut</strong></span> <span class='ocrx_word' id='word_1_106' title='bbox 455 1670 566 1712; x_wconf 91' lang='lat' dir='ltr'><strong>coenes</strong></span> <span class='ocrx_word' id='word_1_107' title='bbox 589 1652 726 1719; x_wconf 89' lang='lat' dir='ltr'><strong>civiliter;</strong></span> <span class='ocrx_word' id='word_1_108' title='bbox 773 1652 830 1713; x_wconf 89' lang='lat' dir='ltr'><strong>boc</strong></span> <span class='ocrx_word' id='word_1_109' title='bbox 853 1653 920 1712; x_wconf 88' lang='lat' dir='ltr'><strong>lace</strong></span> <span class='ocrx_word' id='word_1_110' title='bbox 943 1660 972 1712; x_wconf 88' lang='lat' dir='ltr'><strong>et</strong></span> <span class='ocrx_word' id='word_1_111' title='bbox 996 1660 1071 1728; x_wconf 86' lang='lat' dir='ltr'><strong>esto,</strong></span> 
     </span>
     <span class='ocr_line' id='line_1_18' title="bbox 213 1734 1117 1815; baseline -0.004 -18"><span class='ocrx_word' id='word_1_112' title='bbox 213 1737 300 1814; x_wconf 79' lang='lat' dir='ltr'><strong>listo,</strong></span> <span class='ocrx_word' id='word_1_113' title='bbox 325 1746 356 1797; x_wconf 92' lang='lat' dir='ltr'><strong>ut</strong></span> <span class='ocrx_word' id='word_1_114' title='bbox 378 1755 453 1796; x_wconf 91' lang='lat' dir='ltr'><strong>nunc</strong></span> <span class='ocrx_word' id='word_1_115' title='bbox 473 1735 571 1810; x_wconf 90' lang='lat' dir='ltr'><strong>multi,</strong></span> <span class='ocrx_word' id='word_1_116' title='bbox 594 1734 676 1795; x_wconf 86' lang='lat' dir='ltr'><strong>dives</strong></span> <span class='ocrx_word' id='word_1_117' title='bbox 699 1735 765 1811; x_wconf 87' lang='lat' dir='ltr'><strong>tibi,</strong></span> <span class='ocrx_word' id='word_1_118' title='bbox 789 1755 903 1815; x_wconf 86' lang='lat' dir='ltr'><strong>pauper</strong></span> <span class='ocrx_word' id='word_1_119' title='bbox 926 1734 1042 1795; x_wconf 90' lang='lat' dir='ltr'><strong>amicis!</strong></span> <span class='ocrx_word' id='word_1_120' title='bbox 1114 1754 1117 1760; x_wconf 87' lang='lat'><em>·</em></span> 
     </span>
     <span class='ocr_line' id='line_1_19' title="bbox 255 1819 1072 1898; baseline -0.002 -18"><span class='ocrx_word' id='word_1_121' title='bbox 255 1821 377 1880; x_wconf 79' lang='lat' dir='ltr'><strong>Anseris</strong></span> <span class='ocrx_word' id='word_1_122' title='bbox 402 1827 468 1880; x_wconf 89' lang='lat' dir='ltr'><strong>ante</strong></span> <span class='ocrx_word' id='word_1_123' title='bbox 491 1821 584 1898; x_wconf 91' lang='lat' dir='ltr'><strong>ipsum</strong></span> <span class='ocrx_word' id='word_1_124' title='bbox 605 1821 700 1896; x_wconf 85' lang='lat' dir='ltr'><strong>magni</strong></span> <span class='ocrx_word' id='word_1_125' title='bbox 722 1821 820 1895; x_wconf 88' lang='lat' dir='ltr'><strong>iecur,</strong></span> <span class='ocrx_word' id='word_1_126' title='bbox 845 1819 996 1880; x_wconf 86' lang='lat' dir='ltr'><strong>anseribus</strong></span> <span class='ocrx_word' id='word_1_127' title='bbox 1019 1836 1072 1897; x_wconf 92' lang='lat' dir='ltr'><strong>par</strong></span> 
     </span>
     <span class='ocr_line' id='line_1_20' title="bbox 206 1902 842 1986; baseline -0.003 -22"><span class='ocrx_word' id='word_1_128' title='bbox 206 1904 311 1986; x_wconf 63' lang='lat' dir='ltr'><strong>vllltilis</strong></span> <span class='ocrx_word' id='word_1_129' title='bbox 335 1913 364 1964; x_wconf 86' lang='lat' dir='ltr'><strong>et</strong></span> <span class='ocrx_word' id='word_1_130' title='bbox 385 1904 451 1964; x_wconf 87' lang='lat' dir='ltr'><strong>flavi</strong></span> <span class='ocrx_word' id='word_1_131' title='bbox 474 1903 576 1980; x_wconf 85' lang='lat' dir='ltr'><strong>dignus</strong></span> <span class='ocrx_word' id='word_1_132' title='bbox 599 1902 679 1962; x_wconf 85' lang='lat' dir='ltr'><strong>ierro</strong></span> <span class='ocrx_word' id='word_1_133' title='bbox 702 1902 842 1981; x_wconf 80' lang='lat' dir='ltr'><strong>Meleagri</strong></span> 
     </span>
     <span class='ocr_line' id='line_1_21' title="bbox 212 1985 1045 2066; baseline -0.004 -18"><span class='ocrx_word' id='word_1_134' title='bbox 212 1989 313 2049; x_wconf 82' lang='lat' dir='ltr'><strong>Fumat</strong></span> <span class='ocrx_word' id='word_1_135' title='bbox 333 2005 420 2066; x_wconf 89' lang='lat' dir='ltr'><strong>aper;</strong></span> <span class='ocrx_word' id='word_1_136' title='bbox 444 1996 512 2065; x_wconf 91' lang='lat' dir='ltr'><strong>post</strong></span> <span class='ocrx_word' id='word_1_137' title='bbox 535 1985 611 2046; x_wconf 93' lang='lat' dir='ltr'><strong>hunc</strong></span> <span class='ocrx_word' id='word_1_138' title='bbox 633 1987 782 2047; x_wconf 87' lang='lat' dir='ltr'><strong>tradentur</strong></span> <span class='ocrx_word' id='word_1_139' title='bbox 805 1987 925 2065; x_wconf 91' lang='lat' dir='ltr'><strong>tubera,</strong></span> <span class='ocrx_word' id='word_1_140' title='bbox 947 1989 971 2046; x_wconf 93' lang='lat' dir='ltr'><strong>si</strong></span> <span class='ocrx_word' id='word_1_141' title='bbox 993 2005 1045 2046; x_wconf 91' lang='lat' dir='ltr'><strong>ver</strong></span> 
     </span>
     <span class='ocr_line' id='line_1_22' title="bbox 213 2072 975 2149; baseline -0.003 -17"><span class='ocrx_word' id='word_1_142' title='bbox 213 2072 295 2133; x_wconf 81' lang='lat' dir='ltr'><strong>l&#39;unc</strong></span> <span class='ocrx_word' id='word_1_143' title='bbox 318 2074 374 2132; x_wconf 91' lang='lat' dir='ltr'><strong>erit</strong></span> <span class='ocrx_word' id='word_1_144' title='bbox 409 2081 439 2131; x_wconf 92' lang='lat' dir='ltr'><strong>et</strong></span> <span class='ocrx_word' id='word_1_145' title='bbox 468 2072 576 2131; x_wconf 82' lang='lat' dir='ltr'><strong>facient</strong></span> <span class='ocrx_word' id='word_1_146' title='bbox 597 2078 696 2149; x_wconf 88' lang='lat' dir='ltr'><strong>optata</strong></span> <span class='ocrx_word' id='word_1_147' title='bbox 717 2072 842 2132; x_wconf 92' lang='lat' dir='ltr'><strong>tonitrua</strong></span> <span class='ocrx_word' id='word_1_148' title='bbox 867 2089 975 2132; x_wconf 90' lang='lat' dir='ltr'><strong>coenas</strong></span> 
     </span>
     <span class='ocr_line' id='line_1_23' title="bbox 212 2154 1050 2233; baseline -0.002 -17"><span class='ocrx_word' id='word_1_149' title='bbox 212 2156 349 2217; x_wconf 87' lang='lat' dir='ltr'><strong>blaiores.</strong></span> <span class='ocrx_word' id='word_1_150' title='bbox 394 2154 460 2214; x_wconf 81' lang='lat' dir='ltr'><strong>&#39;l&#39;ibi</strong></span> <span class='ocrx_word' id='word_1_151' title='bbox 482 2154 557 2214; x_wconf 89' lang='lat' dir='ltr'><strong>habe</strong></span> <span class='ocrx_word' id='word_1_152' title='bbox 580 2155 768 2231; x_wconf 84' lang='lat' dir='ltr'><strong>frumentum,</strong></span> <span class='ocrx_word' id='word_1_153' title='bbox 793 2155 927 2216; x_wconf 79' lang='lat' dir='ltr'><strong>Alledius</strong></span> <span class='ocrx_word' id='word_1_154' title='bbox 949 2156 1050 2233; x_wconf 89' lang='lat' dir='ltr'><strong>inquit,</strong></span> 
     </span>
     <span class='ocr_line' id='line_1_24' title="bbox 214 2238 1106 2316; baseline 0.001 -17"><span class='ocrx_word' id='word_1_155' title='bbox 214 2239 237 2298; x_wconf 93' lang='lat'>0</span> <span class='ocrx_word' id='word_1_156' title='bbox 258 2239 362 2314; x_wconf 82' lang='lat' dir='ltr'><strong>Libye;</strong></span> <span class='ocrx_word' id='word_1_157' title='bbox 387 2238 519 2316; x_wconf 82' lang='lat' dir='ltr'><strong>disiunge</strong></span> <span class='ocrx_word' id='word_1_158' title='bbox 542 2238 654 2314; x_wconf 84' lang='lat' dir='ltr'><strong>boves,</strong></span> <span class='ocrx_word' id='word_1_159' title='bbox 678 2239 743 2298; x_wconf 93' lang='lat' dir='ltr'><strong>dum</strong></span> <span class='ocrx_word' id='word_1_160' title='bbox 766 2238 869 2299; x_wconf 90' lang='lat' dir='ltr'><strong>tubera</strong></span> <span class='ocrx_word' id='word_1_161' title='bbox 893 2238 1059 2300; x_wconf 80' lang='lat' dir='ltr'><strong>mittasl-</strong></span> <span class='ocrx_word' id='word_1_162' title='bbox 1105 2304 1106 2307; x_wconf 8' lang='grc' dir='ltr'><strong>Ἴ</strong></span> 
     </span>
     <span class='ocr_line' id='line_1_25' title="bbox 213 2322 973 2400; baseline -0.004 -16"><span class='ocrx_word' id='word_1_163' title='bbox 213 2326 393 2384; x_wconf 85' lang='lat' dir='ltr'><strong>Structorem</strong></span> <span class='ocrx_word' id='word_1_164' title='bbox 417 2323 544 2397; x_wconf 91' lang='lat' dir='ltr'><strong>interea,</strong></span> <span class='ocrx_word' id='word_1_165' title='bbox 567 2341 604 2381; x_wconf 95' lang='lat' dir='ltr'><strong>ne</strong></span> <span class='ocrx_word' id='word_1_166' title='bbox 626 2340 682 2400; x_wconf 83' lang='lat' dir='ltr'><strong>qua</strong></span> <span class='ocrx_word' id='word_1_167' title='bbox 701 2322 863 2400; x_wconf 77' lang='lat' dir='ltr'><strong>indignatio</strong></span> <span class='ocrx_word' id='word_1_168' title='bbox 886 2323 973 2400; x_wconf 84' lang='lat' dir='ltr'><strong>desit,</strong></span> 
     </span>
     <span class='ocr_line' id='line_1_26' title="bbox 213 2405 929 2483; baseline -0.004 -16"><span class='ocrx_word' id='word_1_169' title='bbox 213 2407 370 2467; x_wconf 88' lang='lat' dir='ltr'><strong>Saltantem</strong></span> <span class='ocrx_word' id='word_1_170' title='bbox 392 2414 512 2483; x_wconf 91' lang='lat' dir='ltr'><strong>spectes</strong></span> <span class='ocrx_word' id='word_1_171' title='bbox 532 2414 561 2464; x_wconf 93' lang='lat' dir='ltr'><strong>et</strong></span> <span class='ocrx_word' id='word_1_172' title='bbox 582 2405 798 2467; x_wconf 87' lang='lat' dir='ltr'><strong>chironomunta</strong></span> <span class='ocrx_word' id='word_1_173' title='bbox 820 2406 929 2468; x_wconf 86' lang='lat' dir='ltr'><strong>volanti</strong></span> 
     </span>
     <span class='ocr_line' id='line_1_27' title="bbox 213 2488 909 2568; baseline -0.001 -19"><span class='ocrx_word' id='word_1_174' title='bbox 213 2489 363 2564; x_wconf 80' lang='lat' dir='ltr'><strong>cultello,</strong></span> <span class='ocrx_word' id='word_1_175' title='bbox 389 2488 484 2548; x_wconf 91' lang='lat' dir='ltr'><strong>donec</strong></span> <span class='ocrx_word' id='word_1_176' title='bbox 506 2491 629 2567; x_wconf 87' lang='lat' dir='ltr'><strong>peragat</strong></span> <span class='ocrx_word' id='word_1_177' title='bbox 651 2490 757 2550; x_wconf 90' lang='lat' dir='ltr'><strong>dictata</strong></span> <span class='ocrx_word' id='word_1_178' title='bbox 779 2491 909 2568; x_wconf 77' lang='lat' dir='ltr'><strong>magistri</strong></span> 
     </span>
     <span class='ocr_line' id='line_1_28' title="bbox 186 2573 947 2650; baseline 0.003 -19"><span class='ocrx_word' id='word_1_179' title='bbox 186 2578 187 2582; x_wconf 77' lang='grc'>’</span> <span class='ocrx_word' id='word_1_180' title='bbox 212 2573 329 2642; x_wconf 88' lang='lat' dir='ltr'><strong>Omnia;</strong></span> <span class='ocrx_word' id='word_1_181' title='bbox 350 2591 407 2632; x_wconf 89' lang='lat' dir='ltr'><strong>nec</strong></span> <span class='ocrx_word' id='word_1_182' title='bbox 428 2574 544 2631; x_wconf 93' lang='lat' dir='ltr'><strong>minimo</strong></span> <span class='ocrx_word' id='word_1_183' title='bbox 567 2591 637 2633; x_wconf 90' lang='lat' dir='ltr'><strong>sane</strong></span> <span class='ocrx_word' id='word_1_184' title='bbox 659 2574 824 2633; x_wconf 83' lang='lat' dir='ltr'><strong>discrimine</strong></span> <span class='ocrx_word' id='word_1_185' title='bbox 845 2574 947 2650; x_wconf 84' lang='lat' dir='ltr'><strong>refert,</strong></span> 
     </span>
     <span class='ocr_line' id='line_1_29' title="bbox 212 2656 938 2737; baseline 0 -22"><span class='ocrx_word' id='word_1_186' title='bbox 212 2657 278 2730; x_wconf 84' lang='lat' dir='ltr'><strong>Quo</strong></span> <span class='ocrx_word' id='word_1_187' title='bbox 298 2666 383 2734; x_wconf 89' lang='lat' dir='ltr'><strong>gestu</strong></span> <span class='ocrx_word' id='word_1_188' title='bbox 406 2656 526 2737; x_wconf 89' lang='lat' dir='ltr'><strong>lepores</strong></span> <span class='ocrx_word' id='word_1_189' title='bbox 550 2666 579 2716; x_wconf 95' lang='lat' dir='ltr'><strong>et</strong></span> <span class='ocrx_word' id='word_1_190' title='bbox 601 2673 658 2735; x_wconf 87' lang='lat' dir='ltr'><strong>quo</strong></span> <span class='ocrx_word' id='word_1_191' title='bbox 680 2658 789 2735; x_wconf 90' lang='lat' dir='ltr'><strong>gallina</strong></span> <span class='ocrx_word' id='word_1_192' title='bbox 811 2666 938 2718; x_wconf 89' lang='lat' dir='ltr'><strong>secetur.</strong></span> 
     </span>
     <span class='ocr_line' id='line_1_30' title="bbox 211 2739 1206 2819; baseline 0.004 -20"><span class='ocrx_word' id='word_1_193' title='bbox 211 2740 337 2800; x_wconf 86' lang='lat' dir='ltr'><strong>Duceris</strong></span> <span class='ocrx_word' id='word_1_194' title='bbox 359 2741 473 2819; x_wconf 89' lang='lat' dir='ltr'><strong>planta,</strong></span> <span class='ocrx_word' id='word_1_195' title='bbox 495 2740 575 2800; x_wconf 90' lang='lat' dir='ltr'><strong>velut</strong></span> <span class='ocrx_word' id='word_1_196' title='bbox 598 2743 673 2800; x_wconf 91' lang='lat' dir='ltr'><strong>ictus</strong></span> <span class='ocrx_word' id='word_1_197' title='bbox 695 2741 731 2801; x_wconf 91' lang='lat' dir='ltr'><strong>ab</strong></span> <span class='ocrx_word' id='word_1_198' title='bbox 750 2741 879 2801; x_wconf 89' lang='lat' dir='ltr'><strong>Hercule</strong></span> <span class='ocrx_word' id='word_1_199' title='bbox 903 2739 1009 2817; x_wconf 81' lang='lat' dir='ltr'><strong>Cacus,</strong></span> <span class='ocrx_word' id='word_1_200' title='bbox 1155 2751 1206 2804; x_wconf 77' lang='lat'><strong>125</strong></span> 
     </span>
     <span class='ocr_line' id='line_1_31' title="bbox 211 2823 1003 2904; baseline 0 -20"><span class='ocrx_word' id='word_1_201' title='bbox 211 2823 249 2884; x_wconf 85' lang='lat' dir='ltr'><strong>Et</strong></span> <span class='ocrx_word' id='word_1_202' title='bbox 270 2842 382 2903; x_wconf 88' lang='lat' dir='ltr'><strong>ponere</strong></span> <span class='ocrx_word' id='word_1_203' title='bbox 404 2824 492 2900; x_wconf 85' lang='lat' dir='ltr'><strong>loris,</strong></span> <span class='ocrx_word' id='word_1_204' title='bbox 520 2825 634 2904; x_wconf 88' lang='lat' dir='ltr'><strong>siquid</strong></span> <span class='ocrx_word' id='word_1_205' title='bbox 658 2827 846 2903; x_wconf 88' lang='lat' dir='ltr'><strong>temptaveris</strong></span> <span class='ocrx_word' id='word_1_206' title='bbox 870 2843 1003 2903; x_wconf 88' lang='lat' dir='ltr'><strong>umquam</strong></span> 
     </span>
     <span class='ocr_line' id='line_1_32' title="bbox 210 2907 1194 2988; baseline -0.001 -20"><span class='ocrx_word' id='word_1_207' title='bbox 210 2908 348 2985; x_wconf 90' lang='lat' dir='ltr'><strong>Hiscere,</strong></span> <span class='ocrx_word' id='word_1_208' title='bbox 370 2919 514 2988; x_wconf 86' lang='lat' dir='ltr'><strong>tamquam</strong></span> <span class='ocrx_word' id='word_1_209' title='bbox 534 2908 645 2970; x_wconf 86' lang='lat' dir='ltr'><strong>babeas</strong></span> <span class='ocrx_word' id='word_1_210' title='bbox 668 2911 722 2968; x_wconf 90' lang='lat' dir='ltr'><strong>tria</strong></span> <span class='ocrx_word' id='word_1_211' title='bbox 743 2911 865 2970; x_wconf 91' lang='lat' dir='ltr'><strong>nomina.</strong></span> <span class='ocrx_word' id='word_1_212' title='bbox 912 2907 1033 2982; x_wconf 84' lang='lat' dir='ltr'><strong>Quando</strong></span> <span class='ocrx_word' id='word_1_213' title='bbox 1055 2909 1194 2986; x_wconf 90' lang='lat' dir='ltr'><strong>propinat</strong></span> 
     </span>
     <span class='ocr_line' id='line_1_33' title="bbox 210 2992 890 3054; baseline 0.003 -4"><span class='ocrx_word' id='word_1_214' title='bbox 210 2992 297 3053; x_wconf 87' lang='lat' dir='ltr'><strong>Virro</strong></span> <span class='ocrx_word' id='word_1_215' title='bbox 319 2993 370 3053; x_wconf 91' lang='lat' dir='ltr'><strong>tibi</strong></span> <span class='ocrx_word' id='word_1_216' title='bbox 396 2994 517 3052; x_wconf 84' lang='lat' dir='ltr'><strong>sumitve</strong></span> <span class='ocrx_word' id='word_1_217' title='bbox 540 2994 596 3052; x_wconf 89' lang='lat' dir='ltr'><strong>tuis</strong></span> <span class='ocrx_word' id='word_1_218' title='bbox 621 3003 752 3053; x_wconf 91' lang='lat' dir='ltr'><strong>contacta</strong></span> <span class='ocrx_word' id='word_1_219' title='bbox 773 2993 890 3054; x_wconf 92' lang='lat' dir='ltr'><strong>labellis</strong></span> 
     </span>
     <span class='ocr_line' id='line_1_34' title="bbox 211 3073 1088 3155; baseline 0 -20"><span class='ocrx_word' id='word_1_220' title='bbox 211 3073 341 3136; x_wconf 83' lang='lat' dir='ltr'><strong>Pocula?</strong></span> <span class='ocrx_word' id='word_1_221' title='bbox 365 3079 428 3155; x_wconf 91' lang='lat' dir='ltr'><strong>quis</strong></span> <span class='ocrx_word' id='word_1_222' title='bbox 450 3086 577 3137; x_wconf 87' lang='lat' dir='ltr'><strong>vestrum</strong></span> <span class='ocrx_word' id='word_1_223' title='bbox 601 3079 774 3136; x_wconf 90' lang='lat' dir='ltr'><strong>temerarius</strong></span> <span class='ocrx_word' id='word_1_224' title='bbox 795 3096 887 3155; x_wconf 90' lang='lat' dir='ltr'><strong>usque</strong></span> <span class='ocrx_word' id='word_1_225' title='bbox 909 3076 1002 3154; x_wconf 89' lang='lat' dir='ltr'><strong>adeo,</strong></span> <span class='ocrx_word' id='word_1_226' title='bbox 1026 3078 1088 3155; x_wconf 89' lang='lat' dir='ltr'><strong>quis</strong></span> 
     </span>
     <span class='ocr_line' id='line_1_35' title="bbox 211 3159 1206 3239; baseline 0.006 -20"><span class='ocrx_word' id='word_1_227' title='bbox 211 3159 360 3234; x_wconf 87' lang='lat' dir='ltr'><strong>Perditus,</strong></span> <span class='ocrx_word' id='word_1_228' title='bbox 387 3170 416 3220; x_wconf 92' lang='lat' dir='ltr'><strong>ut</strong></span> <span class='ocrx_word' id='word_1_229' title='bbox 438 3161 514 3220; x_wconf 90' lang='lat' dir='ltr'><strong>dieat</strong></span> <span class='ocrx_word' id='word_1_230' title='bbox 536 3162 617 3238; x_wconf 87' lang='lat' dir='ltr'><strong>regi:</strong></span> <span class='ocrx_word' id='word_1_231' title='bbox 640 3159 730 3220; x_wconf 83' lang='lat' dir='ltr'><strong>bibe?</strong></span> <span class='ocrx_word' id='word_1_232' title='bbox 775 3161 898 3221; x_wconf 90' lang='lat' dir='ltr'><strong>Plurima</strong></span> <span class='ocrx_word' id='word_1_233' title='bbox 919 3168 999 3238; x_wconf 88' lang='lat' dir='ltr'><strong>sunt,</strong></span> <span class='ocrx_word' id='word_1_234' title='bbox 1025 3178 1100 3239; x_wconf 85' lang='lat' dir='ltr'><strong>quae</strong></span> <span class='ocrx_word' id='word_1_235' title='bbox 1154 3171 1206 3225; x_wconf 80' lang='grc'><strong>130</strong></span> 
     </span>
     <span class='ocr_line' id='line_1_36' title="bbox 211 3242 944 3323; baseline 0.003 -21"><span class='ocrx_word' id='word_1_236' title='bbox 211 3242 276 3303; x_wconf 91' lang='lat' dir='ltr'><strong>Nou</strong></span> <span class='ocrx_word' id='word_1_237' title='bbox 298 3244 404 3304; x_wconf 90' lang='lat' dir='ltr'><strong>audent</strong></span> <span class='ocrx_word' id='word_1_238' title='bbox 427 3243 558 3304; x_wconf 89' lang='lat' dir='ltr'><strong>homines</strong></span> <span class='ocrx_word' id='word_1_239' title='bbox 579 3254 698 3323; x_wconf 88' lang='lat' dir='ltr'><strong>pertusa</strong></span> <span class='ocrx_word' id='word_1_240' title='bbox 720 3245 821 3304; x_wconf 90' lang='lat' dir='ltr'><strong>dicere</strong></span> <span class='ocrx_word' id='word_1_241' title='bbox 843 3245 944 3314; x_wconf 91' lang='lat' dir='ltr'><strong>laena;</strong></span> 
     </span>
     <span class='ocr_line' id='line_1_37' title="bbox 211 3326 987 3406; baseline 0.001 -20"><span class='ocrx_word' id='word_1_242' title='bbox 211 3326 427 3404; x_wconf 83' lang='lat' dir='ltr'><strong>Quadringenta</strong></span> <span class='ocrx_word' id='word_1_243' title='bbox 447 3328 498 3387; x_wconf 93' lang='lat' dir='ltr'><strong>tibi</strong></span> <span class='ocrx_word' id='word_1_244' title='bbox 520 3331 545 3386; x_wconf 91' lang='lat' dir='ltr'><strong>si</strong></span> <span class='ocrx_word' id='word_1_245' title='bbox 570 3329 633 3406; x_wconf 72' lang='lat' dir='ltr'><strong>spuis</strong></span> <span class='ocrx_word' id='word_1_246' title='bbox 656 3327 728 3387; x_wconf 91' lang='lat' dir='ltr'><strong>deus</strong></span> <span class='ocrx_word' id='word_1_247' title='bbox 751 3337 799 3388; x_wconf 90' lang='lat' dir='ltr'><strong>ant</strong></span> <span class='ocrx_word' id='word_1_248' title='bbox 821 3328 921 3388; x_wconf 91' lang='lat' dir='ltr'><strong>similis</strong></span> <span class='ocrx_word' id='word_1_249' title='bbox 943 3328 987 3388; x_wconf 91' lang='lat' dir='ltr'><strong>dis</strong></span> 
     </span>
     <span class='ocr_line' id='line_1_38' title="bbox 210 3409 947 3491; baseline 0.001 -21"><span class='ocrx_word' id='word_1_250' title='bbox 210 3409 248 3470; x_wconf 80' lang='lat' dir='ltr'><strong>Et</strong></span> <span class='ocrx_word' id='word_1_251' title='bbox 270 3411 374 3486; x_wconf 88' lang='lat' dir='ltr'><strong>melior</strong></span> <span class='ocrx_word' id='word_1_252' title='bbox 394 3411 463 3470; x_wconf 81' lang='lat' dir='ltr'><strong>¹fatis</strong></span> <span class='ocrx_word' id='word_1_253' title='bbox 485 3411 608 3470; x_wconf 90' lang='lat' dir='ltr'><strong>donaret</strong></span> <span class='ocrx_word' id='word_1_254' title='bbox 626 3410 795 3487; x_wconf 91' lang='lat' dir='ltr'><strong>homuncio,</strong></span> <span class='ocrx_word' id='word_1_255' title='bbox 824 3421 947 3491; x_wconf 86' lang='lat' dir='ltr'><strong>quantus</strong></span> 
     </span>
     <span class='ocr_line' id='line_1_39' title="bbox 211 3493 948 3571; baseline 0.005 -19"><span class='ocrx_word' id='word_1_256' title='bbox 211 3493 255 3553; x_wconf 82' lang='lat' dir='ltr'><strong>Ex</strong></span> <span class='ocrx_word' id='word_1_257' title='bbox 279 3494 387 3569; x_wconf 89' lang='lat' dir='ltr'><strong>nihilo,</strong></span> <span class='ocrx_word' id='word_1_258' title='bbox 412 3503 533 3571; x_wconf 86' lang='lat' dir='ltr'><strong>quantus</strong></span> <span class='ocrx_word' id='word_1_259' title='bbox 557 3494 644 3554; x_wconf 87' lang='lat' dir='ltr'><strong>lieres</strong></span> <span class='ocrx_word' id='word_1_260' title='bbox 667 3494 800 3555; x_wconf 89' lang='lat' dir='ltr'><strong>Virronis</strong></span> <span class='ocrx_word' id='word_1_261' title='bbox 824 3496 948 3556; x_wconf 84' lang='lat' dir='ltr'><strong>amicus!</strong></span> 
     </span>
     <span class='ocr_line' id='line_1_40' title="bbox 210 3576 1205 3657; baseline 0.007 -21"><span class='ocrx_word' id='word_1_262' title='bbox 210 3577 255 3636; x_wconf 83' lang='lat' dir='ltr'><strong>lla</strong></span> <span class='ocrx_word' id='word_1_263' title='bbox 277 3576 399 3636; x_wconf 86' lang='lat' dir='ltr'><strong>Trebio!</strong></span> <span class='ocrx_word' id='word_1_264' title='bbox 423 3593 500 3650; x_wconf 91' lang='lat' dir='ltr'><strong>pone</strong></span> <span class='ocrx_word' id='word_1_265' title='bbox 521 3578 557 3637; x_wconf 94' lang='lat' dir='ltr'><strong>ad</strong></span> <span class='ocrx_word' id='word_1_266' title='bbox 580 3577 728 3638; x_wconf 86' lang='lat' dir='ltr'><strong>Trebium!</strong></span> <span class='ocrx_word' id='word_1_267' title='bbox 751 3579 795 3638; x_wconf 91' lang='lat' dir='ltr'><strong>vis</strong></span> <span class='ocrx_word' id='word_1_268' title='bbox 818 3578 908 3639; x_wconf 84' lang='lat' dir='ltr'><strong>irater</strong></span> <span class='ocrx_word' id='word_1_269' title='bbox 927 3580 963 3639; x_wconf 92' lang='lat' dir='ltr'><strong>ab</strong></span> <span class='ocrx_word' id='word_1_270' title='bbox 984 3579 1055 3657; x_wconf 87' lang='lat' dir='ltr'><strong>ipsis</strong></span> <span class='ocrx_word' id='word_1_271' title='bbox 1155 3589 1205 3643; x_wconf 69' lang='lat'><strong>136</strong></span> 
     </span>
    </p>
   </div>
   <div class='ocr_carea' id='block_1_5' title="bbox 0 0 1304 4006">
    <p class='ocr_par' dir='ltr' id='par_1_5' title="bbox 0 0 1304 4006">
     <span class='ocr_line' id='line_1_41' title="bbox 0 0 1304 4006; baseline 0 1"><span class='ocrx_word' id='word_1_272' title='bbox 0 0 1304 4006; x_wconf 95' lang='lat' dir='ltr'><strong> </strong></span> 
     </span>
    </p>
   </div>
  </div>
 </body>
</html>
