2626 4006
210 217 251 279 62
542 229 577 274 o.
600 227 671 275 run.
695 227 881 275 unvnuums

209 367 360 431 Pascendi.
396 366 478 442 Quid·
494 383 577 443 agam
601 364 700 424 bruma
722 363 870 444 spirante?
895 366 977 444 quid,
1002 382 1068 443 oro,

210 451 286 525 Quid
309 451 402 511 dicam
427 449 555 527 scapulis
578 464 733 527 pneromm
757 449 893 526 aquilone
915 448 1075 509 Decembri

210 534 247 595 Et
269 531 413 612 pedibus?
435 533 535 594 durate
559 542 645 610 atque
666 539 839 609 exspectate
861 530 1000 592 cicadas?

210 619 334 693 Verum,
358 627 389 676 ut
411 615 591 690 dissimules,
617 623 647 674 ut
668 616 763 674 mittas
786 623 902 691 cetera,
927 624 1032 696 quanto
1162 627 1200 682 70

209 701 320 762 Metiris
341 701 454 780 pretio,
477 698 570 778 qnod,
593 698 621 756 ni
642 698 694 757 tibi
716 697 830 757 deditus
853 714 949 760 essem

210 785 401 862 Devotusque
424 783 532 858 cliens,
556 798 631 841 uxor
651 790 700 841 tua
720 782 804 858 virgo
828 779 978 841 maneretl

211 870 276 930 Scis
300 877 398 943 certe,
426 865 529 945 quibus
553 865 607 925 ista
630 863 738 938 modis,
761 882 844 942 quam
869 882 959 944 saepe
982 869 1098 944 rogaris

210 951 248 1012 Et
270 969 345 1031 quae
369 950 527 1029 pollicitus.
562 947 731 1026 Fugientem
754 964 843 1026 saepe
866 948 992 1026 puellam
1064 1019 1068 1026 ¹

213 1036 357 1113 Amplexu
381 1033 478 1111 rapui;
501 1031 614 1092 tabulas
636 1048 751 1109 quoque
775 1039 893 1109 ruperat
916 1040 944 1090 et
966 1034 1021 1092 iam
1070 1101 1072 1106 ,
1163 1045 1200 1099 75

212 1118 366 1196 Signabat:
395 1126 455 1175 tota
479 1117 529 1174 vix
554 1114 611 1174 boc
633 1130 690 1191 ego
717 1124 803 1174 nocte
825 1114 947 1190 redemi,

213 1201 254 1261 'le
283 1200 416 1279 plorante
439 1199 526 1258 ioris:
568 1199 651 1257 testis
672 1196 739 1256 milri
764 1197 889 1258 lectulus
911 1208 941 1258 et
962 1208 1002 1275 tu,

212 1285 258 1345 Ad
282 1302 367 1362 quem
391 1283 525 1361 pervenit
546 1279 615 1341 lecti
639 1297 727 1339 sonus
750 1290 779 1339 et
801 1282 933 1342 dominae
954 1300 1023 1342 vox.

212 1367 350 1428 Instabile
374 1384 409 1426 ac
431 1364 524 1426 dirimi
545 1372 679 1441 coeptum
704 1373 733 1422 et
754 1366 810 1424 iam
834 1383 929 1442 paene
952 1365 1075 1426 solutum

214 1450 385 1528 Coniugium
406 1450 435 1508 in
456 1447 551 1507 multis
575 1445 706 1507 domibus
728 1449 855 1507 servarit
876 1447 998 1509 adulter.
1164 1460 1201 1514 eo

214 1534 279 1608 Quo
300 1543 329 1594 te
353 1528 555 1608 circumagasi
578 1549 652 1609 quae
675 1532 765 1609 prima
786 1539 834 1591 aut
854 1531 953 1592 ultima
974 1530 1088 1610 ponasi

212 1618 327 1678 Nullum
352 1632 424 1694 ergo
449 1616 580 1675 meritum
604 1622 667 1689 est,
692 1615 804 1691 ingrate
828 1632 863 1674 ac
883 1615 1013 1694 perfide,
1034 1616 1155 1692 nullum,

214 1700 300 1774 Quod
321 1699 374 1770 tibi
395 1698 503 1759 liliolus
524 1696 574 1757 vel
596 1696 653 1757 illia
677 1699 805 1757 nascitur
827 1716 865 1757 ex
887 1696 954 1758 mel

214 1784 306 1844 Tollis
333 1783 407 1842 enim
432 1791 461 1842 et
482 1780 565 1841 libris
588 1789 717 1840 actorum
739 1799 881 1860 spargere
904 1783 1014 1860 gaudes

213 1868 390 1944 Argumenta
411 1865 474 1924 viri.
506 1862 631 1923 Foribus
656 1865 802 1942 suspende
824 1882 960 1941 coronas,
1165 1876 1202 1932 85

213 1951 272 2011 lam
295 1958 378 2029 pater
401 1967 450 2009 es:
474 1947 620 2023 dedimus,
645 1948 722 2026 quod
745 1948 838 2009 lamae
860 1965 1013 2028 opponere
1032 1949 1146 2028 possis:

214 2034 277 2094 lura
298 2033 428 2112 parentis
449 2030 558 2108 babes,
581 2040 704 2110 propter
725 2050 771 2091 me
797 2031 935 2093 scriberis
959 2032 1057 2108 heres,

214 2117 352 2195 legatum
373 2133 458 2176 omne
477 2116 574 2194 capis,
596 2132 652 2175 nec
672 2132 730 2175 non
754 2124 782 2174 et
806 2115 891 2176 dulce
915 2116 1062 2176 caducum.

216 2199 372 2261 Commoda
396 2208 551 2278 praeterea
574 2200 728 2276 iungentur
748 2199 835 2260 multa
857 2200 985 2274 caducis,

215 2287 245 2344 Si
267 2300 428 2358 numerum,
452 2284 477 2342 si
497 2291 558 2342 tres
581 2282 777 2361 implevero.“
816 2281 892 2343 lusta
914 2283 1036 2359 doloris,
1166 2293 1201 2348 9ο
1301 2315 1302 2350 2

214 2366 362 2440 Naevole,
387 2373 475 2426 causa
496 2365 552 2432 tui;
580 2375 679 2426 contra
701 2375 796 2425 tamen
819 2366 869 2427 ille
892 2367 960 2445 quid
980 2364 1084 2427 affert?

257 2449 421 2527 „Neglegit
435 2457 521 2526 atque
543 2448 628 2509 alium
651 2449 788 2528 bipedem
810 2451 865 2510 sibi
888 2452 1001 2530 quaerit
1023 2450 1156 2510 asellum.

215 2533 296 2594 llaec
321 2531 377 2591 soli
402 2533 555 2591 commissa
576 2532 629 2591 tibi
651 2532 750 2593 celare
773 2543 928 2610 memento,

216 2616 253 2676 Et
274 2615 378 2677 tacitus
400 2623 515 2675 nostras
536 2615 609 2675 intra
631 2624 660 2676 te
684 2616 741 2694 lige
765 2617 925 2695 querellam

216 2700 288 2760 Nam
309 2716 359 2758 res
380 2699 528 2759 mortilem
555 2707 600 2758 est
626 2701 756 2759 inimicus
777 2703 890 2780 pumice
914 2700 998 2760 levis.
1166 2709 1203 2764 95
1276 2723 1279 2732 ⁴
1299 2707 1300 2712 ’

217 2783 272 2857 Qui
294 2782 381 2842 modo
404 2791 548 2843 secretum
571 2785 769 2858 commiserat,
792 2785 874 2845 ardet
893 2794 923 2843 et
945 2784 1015 2860 odit,

217 2867 372 2946 Tamquam
393 2865 585 2945 prodiderim,
610 2866 748 2946 quidquid
770 2869 842 2928 scio.
881 2868 1001 2928 Sumere
1024 2867 1142 2943 ierrum,

215 2951 304 3011 Fuste
329 2951 446 3028 aperire
469 2960 569 3029 caput,
595 2950 744 3010 candelam
769 2967 920 3030 apponere
942 2949 1036 3010 valvis

216 3034 281 3094 Non
304 3033 427 3102 dubitem
454 3053 511 3094 neo
534 3042 700 3110 contemnas
724 3043 771 3094 aut
792 3035 956 3113 despicias,
985 3033 1062 3112 quod
1195 3059 1199 3066 ·

218 3117 268 3176 llis
287 3115 393 3195 opibus
414 3135 567 3196 numquam
592 3134 660 3176 cara
681 3126 726 3176 est
746 3135 858 3179 annona
879 3118 995 3179 veneni.
1152 3127 1205 3180 10⁰

217 3199 298 3278 Ergo
321 3199 436 3260 occulta
459 3209 559 3276 teges,
582 3208 610 3260 ut
633 3200 711 3260 curia
730 3198 829 3260 blartis
850 3201 1007 3261 Athenis.“

219 3282 242 3342 0
264 3281 419 3358 Corydon,
447 3281 601 3358 Corydon,
625 3293 770 3343 secretum
793 3285 890 3344 divitis
913 3284 1001 3343 ullum

219 3366 293 3425 Esse
316 3363 424 3443 putas?
452 3368 529 3425 servi
552 3375 582 3425 ut
603 3374 736 3443 taceant,
762 3369 887 3428 iumenta
910 3367 1074 3445 loquentur,

219 3448 254 3508 lli
278 3449 356 3506 canis
376 3456 405 3506 et
427 3457 528 3526 postes
550 3459 579 3509 et
601 3465 751 3509 marmora.
787 3449 897 3511 Glande
918 3450 1074 3525 fenestras,
