2626 4006
214 188 254 249 52
539 202 573 247 n.
596 200 667 249 rou.
690 199 876 248 murmuras

256 340 328 414 Quis
349 341 460 416 gremio
480 336 581 399 Celadi
603 339 740 416 doctique
762 339 946 399 Palaemonis
968 338 1062 415 affert,
1150 352 1206 406 215

215 424 356 498 Quantum
376 423 577 500 grammaticus
600 424 702 483 meruit
719 419 825 482 labori
845 430 989 482 ettamen
1010 441 1047 482 ex
1069 425 1128 485 hoc

214 507 423 584 Quodcumque
446 515 493 566 est
513 507 621 584 (minus
644 514 690 566 est
709 515 802 568 autem
825 524 909 584 quam
930 505 1055 566 rhetoris
1079 511 1166 588 aera)

213 590 356 671 Discipuli
378 599 477 650 custos
496 590 683 669 praemordet
704 599 937 658 acoenonoetus;

213 674 251 737 llt
272 677 320 755 qui
338 675 503 753 dispensat,
524 674 639 751 frangat
661 674 726 733 sibi.
768 672 865 749 Cede,
888 672 1059 749 Palaemon,

214 758 250 819 Et
271 769 372 838 patere
392 757 458 817 inde
480 758 586 836 aliquid
611 759 805 833 decrescere,
828 775 887 816 non
904 756 989 817 aliter
1011 775 1095 836 quam
1152 769 1206 823 220

213 842 330 903 Institor
348 841 487 902 hibernae
509 842 616 919 tegetis
638 842 774 919 niveique
797 840 929 910 cadurci;

213 927 374 987 Dummodo
396 942 454 986 non
474 935 593 1004 pereat,
615 926 730 985 mediae
751 926 828 1004 quod
849 924 945 985 noctis
967 923 1003 984 ab
1026 924 1097 985 hora

214 1011 338 1086 Sedisti,
358 1028 414 1089 qua
437 1025 522 1069 nemo
544 1008 643 1084 iaber,
667 1027 723 1088 qua
745 1026 830 1084 nemo
850 1008 985 1084 sederet,

215 1094 271 1167 Qui
292 1093 380 1153 docet
400 1093 520 1172 obliquo
543 1092 635 1153 lanam
657 1091 804 1153 deducere
824 1092 921 1159 ierr03

98 1209 101 1218 .
214 1177 374 1238 Dummodo
396 1194 454 1236 non
477 1186 596 1254 pereat,
616 1177 736 1236 totidem
755 1176 896 1236 olfecisse
919 1174 1070 1253 lucernas,
1151 1189 1204 1241 ass

216 1261 293 1334 Quot
313 1259 427 1321 stabant
447 1261 542 1338 pueri,
564 1278 648 1338 quum
669 1268 747 1320 totus
769 1260 892 1320 decolor
914 1267 995 1318 esset

213 1341 337 1404 Flaccus
356 1352 385 1403 et
406 1344 542 1404 haereret
563 1346 646 1421 nigro
664 1345 756 1423 fuligo
777 1343 898 1404 blaroni.

122 1423 127 1434 ’
215 1427 290 1488 Rara
312 1436 407 1487 tamen
428 1445 559 1504 merces,
583 1445 657 1507 quae
681 1429 847 1506 cognitione
869 1427 975 1487 tribuni

214 1510 279 1571 Non
301 1519 397 1589 egeat.
442 1511 502 1573 Sed
521 1528 577 1571 vos
598 1529 701 1572 saevas
722 1513 861 1590 imponite
882 1511 979 1588 leges,

214 1594 251 1656 Ut
272 1597 460 1675 praeceptori
481 1595 636 1655 verborum
658 1595 760 1673 regula
781 1604 905 1671 constet,
1151 1604 1204 1658 230

216 1677 252 1738 Ut
273 1679 355 1756 legat
374 1679 525 1754 historias,
545 1687 683 1748 auctores
706 1681 821 1740 noverit
843 1696 942 1739 omnes

215 1759 371 1842 Tamquam
392 1781 504 1840 augures
527 1762 693 1840 digitosque
715 1779 799 1832 soos;
822 1772 853 1823 ut
870 1762 948 1822 iorte
969 1769 1102 1838 rogatus,

214 1846 288 1905 Dum
310 1846 383 1925 petit
403 1854 452 1906 aut
469 1846 596 1906 thermas
619 1856 667 1906 aut
688 1846 800 1907 Phoebi
821 1845 942 1922 balnea,
964 1845 1041 1904 dicat

214 1929 362 1990 Nutricem
383 1929 548 2007 Anchisae,
570 1947 675 1990 nomen
695 1932 874 2009 patriamque
897 1945 1043 1989 novercae

127 2042 132 2050 ·
214 2013 402 2081 Anchemoli;
425 2014 517 2091 dicat,
541 2023 612 2093 quot
632 2014 758 2074 Acestes
778 2015 883 2074 uixerit
904 2014 995 2088 annis,
1150 2025 1203 2078 235

217 2097 295 2170 Quot
316 2096 407 2158 Siculi
429 2097 592 2176 Phrygibus
613 2099 673 2158 vini
696 2098 847 2158 donaverit
869 2115 964 2157 urnas.

214 2181 347 2260 Eripite,
370 2189 401 2241 ut
421 2199 520 2242 mores
541 2191 660 2243 teneros
682 2200 736 2243 ceu
758 2181 868 2260 pollice
890 2182 985 2256 ducat,

214 2263 252 2325 Ut
272 2267 297 2325 si
319 2267 383 2345 quis
404 2283 473 2326 cera
494 2265 602 2326 vultum
620 2267 704 2335 laeit;
728 2267 853 2343 erigite,
876 2274 907 2326 ut
926 2266 963 2325 sit

214 2348 251 2409 Et
273 2359 358 2428 pater
379 2349 471 2428 ipsius
493 2359 614 2426 coetus,
636 2366 674 2408 ne
692 2351 785 2429 turpia
808 2349 917 2425 ludant,

214 2432 258 2492 Ne
278 2433 386 2494 faciant
407 2431 530 2492 vicibus.
574 2431 640 2493 lion
661 2442 706 2493 est
727 2433 795 2493 lere
813 2441 856 2492 tot
878 2449 1034 2511 puerorum
1153 2443 1207 2496 tto

215 2513 381 2576 Observare
403 2534 504 2576 manus
525 2516 687 2596 oculosque
708 2518 737 2578 in
758 2517 815 2577 line
835 2525 1001 2577 trementes.

214 2597 310 2675 llaec,
332 2600 438 2678 inquit,
463 2619 547 2662 cura:
570 2601 622 2663 sed
645 2620 731 2681 quum
753 2619 786 2660 se
806 2602 929 2662 verterit
948 2618 1049 2676 annus,
1300 2595 1301 2637 t

214 2681 344 2761 Accipe,
367 2683 472 2743 victori
495 2684 621 2764 popalus
644 2685 722 2764 quod
741 2684 884 2764 postulat,
908 2703 1015 2745 aurum.

622 2893 804 2902 ——-—-

526 3049 765 3116 SATIRA
793 3047 888 3113 VIII.

215 3149 375 3243 Stemmata
399 3183 467 3262 quid
487 3179 617 3242 iaciunt?
636 3182 703 3260 quid
724 3183 861 3262 prodest,
884 3184 1020 3258 Pontice,
1044 3179 1136 3260 longo

215 3267 360 3343 Sanguine
382 3268 513 3341 censeri,
536 3267 632 3345 pictos
652 3267 809 3328 ostendere
830 3267 926 3327 vultus
1298 3241 1299 3303 l

214 3349 353 3409 hlaiorum
373 3359 403 3410 et
422 3358 532 3410 stantes
553 3350 582 3408 in
604 3351 734 3410 curribus
756 3351 935 3411 Aemilianos

214 3431 251 3492 llt
274 3430 378 3492 Curios
399 3435 454 3493 ianr
472 3433 605 3493 dimidios
625 3433 819 3513 humerosque
841 3436 981 3494 minorem
