2600 4006
212 239 253 301 36
555 249 591 296 o.
613 248 684 296 run.
707 246 895 295 mvrrusms

211 389 351 451 Hannibal
374 398 404 448 et
427 395 536 447 stantes
561 383 675 447 Collina
700 396 780 446 turne
804 386 906 446 mariti.

210 474 294 534 Nunc
318 474 440 551 patimur
462 471 568 549 longae
592 473 674 549 pacis
698 470 785 538 mala;
810 471 927 530 saevior
949 469 1034 528 armis

210 557 334 618 Luxuria
356 555 483 616 incubuit
504 556 669 634 victumque
692 554 842 614 ulciscitur
865 553 976 612 orbem.

210 640 325 701 Nullum
349 641 457 700 crimen
479 638 562 699 abest
584 638 755 717 facinusque
777 636 919 711 libidinis,
945 655 982 696 ex
1002 640 1060 715 quo

209 725 368 803 Paupertas
391 723 520 783 Romana
542 723 634 801 perit:
659 722 727 782 binc
748 721 831 781 duxit
853 720 889 780 ad
910 723 983 780 istos
1149 729 1202 783 295

210 807 248 868 Et
269 807 389 883 Sybaris
413 807 525 882 colles,
548 807 616 866 binc
639 815 669 866 et
690 804 812 865 Rhodos
835 813 865 864 et
886 803 1003 865 lliletos

209 893 307 970 Atque
330 899 498 952 coronatum
518 899 548 950 et
569 891 703 969 petulans
724 888 924 967 madidumque
946 888 1111 949 Tarentum.

209 975 302 1036 Prima
323 976 496 1054 peregrinos
520 973 650 1034 obscena
673 975 795 1052 pecunia
816 989 914 1032 mores

209 1059 320 1134 intulit,
343 1068 373 1118 et
393 1060 469 1137 turpi
491 1059 643 1135 fregerunt
662 1057 764 1117 secula
787 1057 855 1117 luxu

209 1143 333 1202 Divitiae
355 1142 470 1202 molles.
505 1141 579 1215 Quid
607 1144 681 1201 enim
701 1142 800 1200 Venus
824 1139 904 1200 ebria
931 1139 1033 1200 curati
1148 1151 1202 1204 300

210 1226 337 1303 Inguinis
361 1236 390 1287 et
411 1227 514 1305 capitis
538 1243 613 1305 quae
636 1227 692 1285 sint
715 1226 895 1299 discrimina,
919 1225 1029 1301 nescit,

211 1309 335 1370 Grandia
359 1328 433 1389 quae
454 1309 556 1370 mediis
578 1310 634 1369 iam
655 1309 789 1369 noctibus
811 1317 910 1368 ostrea
932 1308 1056 1385 mordet,

211 1392 304 1466 Quum
327 1395 445 1472 perlusa
467 1411 548 1453 mero
570 1403 701 1472 spumant
721 1400 866 1470 unguenta
887 1391 1024 1469 Falerno,

211 1476 303 1550 Quum
324 1477 431 1538 bibitur
453 1477 580 1554 concha,
610 1496 696 1556 quum
719 1479 775 1538 iam
797 1478 940 1553 vertigine
961 1485 1070 1536 tectum

209 1560 345 1622 Ambulat
370 1572 400 1622 et
420 1563 542 1639 geminis
565 1563 697 1639 exsurgit
718 1578 818 1621 mensa
843 1560 979 1620 lucernis.

209 1644 318 1705 lnunc
341 1655 371 1705 et
393 1646 505 1721 dubita,
530 1663 586 1724 qua
609 1644 729 1706 sorbeat
750 1663 820 1705 aera
841 1661 930 1704 sanna

210 1727 321 1806 Tullia,
346 1730 413 1807 quid
436 1730 513 1790 dieat
534 1737 621 1790 notae
644 1729 788 1790 collactea
808 1727 943 1804 Maurae,

208 1810 307 1871 biunna
328 1812 485 1873 Pudicitiae
506 1821 637 1872 veterem
660 1830 745 1892 quum
767 1813 906 1891 praeterit
927 1829 1016 1872 aram.

208 1894 350 1955 Noctibus
374 1895 422 1956 bic
443 1905 553 1974 ponunt
575 1896 711 1971 lecticas,
738 1898 902 1956 micturiunt
921 1897 968 1957 bic

208 1978 403 2059 Effigiemque
426 1980 500 2041 deae
525 1981 621 2057 longis
647 1979 818 2059 siphonibus
839 1980 958 2059 implent

208 2062 299 2140 lnquc
321 2065 403 2122 vices
426 2067 555 2143 equitant
576 2082 611 2125 ac
634 2065 700 2126 luna
722 2073 799 2124 teste
819 2072 987 2131 mouentum

207 2146 277 2207 lude
299 2147 399 2207 domos
422 2147 542 2208 abeunt:
569 2158 598 2208 tu
621 2149 718 2210 calcas
741 2148 807 2209 luce
830 2166 949 2209 reversa

211 2227 349 2308 Coniugis
370 2233 478 2292 urinam
502 2248 623 2309 magnos
645 2234 760 2293 visurus
783 2233 903 2292 amicos.

207 2313 283 2375 Nota
305 2313 404 2375 Ronae
425 2325 542 2376 secreta
566 2316 664 2392 Deae,
687 2335 772 2395 quum
792 2316 861 2376 tibia
887 2316 1001 2376 lumbos

207 2397 310 2457 incitat
332 2406 362 2456 et
382 2416 472 2459 cornu
494 2401 603 2477 pariter
624 2403 751 2479 vinoque
775 2400 906 2460 feruntur

207 2481 356 2540 Attonitae
379 2484 546 2561 crinemque
567 2492 664 2543 rotant
683 2484 852 2563 ululantque
874 2483 970 2562 Priapi

208 2562 379 2634 Maenades;
407 2582 425 2626 o
448 2577 570 2645 quantus
592 2576 660 2628 tunc
679 2568 738 2628 illis
760 2567 903 2628 mentibus
923 2567 1010 2628 ardor
1043 2631 1045 2639 ,

209 2645 403 2726 concubitus,
429 2668 504 2728 qnae
526 2668 586 2710 vox
608 2652 731 2713 saltante
751 2651 886 2728 libidine,
909 2660 1031 2730 quantus

207 2730 261 2791 lllc
283 2733 355 2790 meri
375 2737 484 2794 veteris
508 2753 562 2814 per
583 2754 667 2797 crura
690 2737 833 2796 madentia
855 2736 985 2795 torrens!

207 2816 354 2876 Lenonum
373 2818 494 2878 ancillas
514 2822 609 2898 posita
634 2820 752 2881 Sauleia
774 2837 883 2879 corona

206 2900 352 2960 Provocat
374 2920 408 2962 ao
429 2903 506 2963 tollit
527 2905 679 2982 pendentis
700 2905 828 2982 praemia
850 2920 954 2979 coxae,

207 2984 275 3063 lpsa
297 2982 472 3046 bledullinae
495 2987 612 3049 fluctum
632 2989 779 3047 crissantis
796 2987 912 3047 adorat:

207 3067 332 3128 Palmam
350 3071 425 3130 inter
446 3071 575 3130 dominas
596 3073 687 3131 virtus
708 3070 850 3131 natalibus
870 3080 986 3150 aequat.

207 3150 255 3211 Nil
275 3152 314 3212 ibi
337 3171 390 3232 per
413 3155 509 3215 ludum
532 3154 724 3223 simulabitur;
746 3156 840 3215 omnia
861 3155 930 3214 fient
1010 3159 1012 3164 '

207 3234 254 3294 Ad
274 3255 390 3314 verum,
414 3237 518 3315 quibos
541 3239 655 3298 incendi
676 3241 730 3299 iam
753 3239 874 3316 frigidus
898 3255 972 3299 aevo
1145 3246 1199 3298 325

207 3317 467 3382 Laomedontiades
491 3330 521 3381 et
543 3320 675 3381 Nestoris
697 3323 798 3382 hernia
821 3323 924 3400 possit.

209 3402 289 3462 Tunc
312 3406 431 3481 prurigo
452 3421 552 3464 morae
575 3407 742 3484 impatiens,
766 3415 823 3465 tum
855 3406 961 3465 femina
981 3403 1119 3482 simplex,

207 3485 251 3544 Ac
268 3486 377 3564 pariter
396 3497 458 3547 toto
479 3489 620 3567 repetitus
643 3489 752 3549 clamor
773 3488 808 3548 ab
832 3498 930 3549 antro:

1277 3793 1282 3968 l
