2600 4006
206 278 267 324 XIV
589 275 797 323 PRAEFATIO.

206 421 435 494 interpellationibus
446 431 567 493 tamquam
578 419 664 493 tragici
677 418 744 474 chori
759 420 857 475 canticis
868 417 1006 489 distinguit.
1020 415 1129 472 Summa
1138 416 1187 488 igt-

205 515 245 562 111
255 508 391 579 argumenti
408 507 475 578 quasi
489 505 592 578 prologo
609 504 738 576 praemissa
750 504 785 570 (r.
799 512 860 563 1—
871 506 918 573 11)
929 501 1034 571 primurn
1044 504 1120 570 ipsam
1131 515 1187 554 coe

206 605 251 646 nae
260 590 381 646 raritatem
399 605 454 646 oum
471 590 663 662 quotidianorum
680 587 815 644 officiorum
834 586 951 643 molestiis
970 590 1093 653 comparat
1103 583 1139 649 (1.
1153 588 1187 642 12

209 676 382 744 -23),1111
399 681 478 728 autem
490 688 520 727 ex
536 674 600 729 illius
616 672 700 728 aetatis
717 687 797 739 more,
815 671 933 744 quaevini
944 676 1029 739 potunt
1041 667 1109 722 cibos
1119 674 1187 722 ante-
1286 679 1291 752 1

207 759 292 814 cedere
302 756 378 812 uoluit
395 756 468 824 (Plio.
481 756 510 812 N.
523 755 651 813 ilistlllll.
664 757 726 824 28),
744 771 758 810 1
774 756 835 812 riuis
849 756 916 810 initio
928 753 993 808 11111
1004 753 1028 807 in
1039 751 1126 806 horum
1137 751 1188 820 pri·

206 858 274 898 mum
285 841 416 913 generibus
427 844 463 909 (r.
475 844 612 910 24-37)
624 840 814 912 poculorumque
824 856 870 896 usu
882 840 918 906 (v.
930 841 965 896 38
974 865 1010 874 -
1019 837 1080 904 te),
1093 850 1151 889 mox
1162 834 1187 890 in

207 942 267 998 aqua
278 940 373 998 quoqne
384 925 420 992 (u.
433 928 570 992 41-51)
582 932 607 979 11
619 925 738 995 pincernis
748 924 912 992 (1.53-66)
926 920 1114 994 ignominiosum
1128 918 1189 973 illud

206 1010 334 1065 discrimen
345 1016 421 1078 notat,
433 1008 497 1081 quod
508 1009 632 1064 domiuum
644 1023 733 1064 coenae
743 1024 757 1063 a
767 1023 871 1079 paupere
883 1007 982 1062 conviva
992 1008 1099 1074 separet;
1111 1003 1188 1058 idem-

207 1108 254 1166 que
265 1093 378 1163 deinceps
389 1095 484 1163 inpane
501 1095 535 1161 (v.
547 1094 582 1151 67
594 1123 627 1131 -
639 1095 701 1162 79),
715 1092 862 1163 promulside
873 1092 909 1159 (r.
921 1095 957 1148 86
965 1088 1068 1155 -91),
1081 1087 1189 1157 piscihus

208 1180 243 1245 (r.
256 1180 335 1234 92-
346 1181 410 1247 106)
422 1177 577 1248 persequitur,
590 1175 667 1232 donec
677 1176 706 1231 ad
718 1183 790 1246 ceput
800 1191 902 1242 coenae,
915 1189 998 1246 aprum
1010 1180 1034 1228 et
1047 1171 1130 1236 altiles,
1146 1171 1189 1225 de·

207 1262 270 1318 latus
286 1260 397 1316 clientem
411 1261 464 1317 solo
478 1261 603 1316 structoris
620 1267 717 1330 aspectu
735 1262 801 1331 pasci
817 1260 937 1332 significat
954 1256 1189 1328 (1.107-121);

207 1345 309 1415 denique
326 1360 357 1399 ne
373 1345 397 1399 in
414 1345 561 1416 propinando
574 1344 670 1416 quidem
681 1345 778 1400 divitem
789 1352 814 1400 et
825 1358 953 1415 pauperem
964 1344 1068 1398 amicum
1078 1342 1190 1396 similiter

206 1427 289 1483 baberi
307 1434 404 1500 questus
422 1429 464 1496 (v.
485 1429 856 1498 tao-145)aseonndanrm
873 1443 1009 1484 mensamm
1026 1426 1146 1494 bellariis,
1163 1422 1189 1476 iu

207 1512 294 1584 quibus
305 1513 388 1568 cadem
401 1513 513 1586 iniquitas
523 1519 621 1584 apparet
635 1513 671 1581 (1.
680 1517 730 1571 146
740 1541 776 1552 -
787 1516 859 1583 155),
871 1514 902 1569 ad
912 1513 987 1584 ipsius
1000 1511 1093 1566 client'u
1104 1517 1190 1582 stupo-

208 1611 259 1651 rem
273 1596 346 1664 redit,
364 1599 404 1668 qui
415 1597 494 1653 diritis
509 1598 604 1668 patroni
619 1598 733 1652 malitiam
751 1598 881 1668 cupiditate
896 1613 940 1652 sua
959 1596 1025 1652 abuti
1035 1595 1165 1665 patiatur(
1181 1634 1187 1646 .

291 1761 389 1820 Seetorn
400 1780 496 1837 quoqne
504 1765 609 1833 satiram,
621 1782 681 1838 quae
693 1766 819 1820 muliemm
830 1765 945 1836 pravitate
959 1764 1096 1820 insectanda
1108 1769 1188 1819 totum

208 1848 335 1904 1111111111
351 1849 438 1904 libmm
450 1850 547 1920 implet,
565 1865 614 1906 non
630 1850 727 1906 lortuita
739 1850 839 1921 triginta
853 1849 955 1920 amplius
964 1850 1078 1905 11111111
1089 1863 1189 1902 enume-

208 1933 311 1998 ratione,
330 1933 372 1989 sed
389 1934 505 1989 concinna
521 1941 546 1988 11
558 1933 684 1988 artificiosa
700 1935 804 2005 partium
815 1934 971 2004 dispositione
989 1932 1105 1990 contineri
1116 1932 1189 1987 docte

208 2017 397 2088 Nigelsbachius
414 2019 430 2074 l.
448 2035 470 2076 1.
490 2021 577 2089 11472
593 2034 644 2090 sqq.
661 2018 755 2074 monuit
768 2019 1003 2091 insignissimamquo
1019 2018 1103 2073 harum
1121 2017 1190 2071 velut

209 2102 391 2157 commissuram
409 2103 545 2162 1286111
562 2102 707 2175 designavit,
726 2109 754 2159 ut
771 2104 801 2158 ad
817 2104 886 2159 illum
902 2117 978 2174 usque
996 2104 1077 2160 locum
1089 2101 1190 2156 semines

208 2199 330 2257 tamquam
342 2187 446 2252 maritas,
454 2187 574 2258 posterius
585 2188 682 2243 maritas
692 2195 814 2259 tamquam
825 2187 926 2244 semines
936 2185 1071 2242 adumbrari
1083 2185 1188 2249 diceret;

208 2285 313 2341 quocum
325 2269 355 2326 de
370 2286 464 2326 summa
479 2271 513 2325 rei
530 2272 683 2326 consentiens
700 2272 796 2342 singula
812 2278 906 2326 tentum
918 2269 1087 2340 quadripertita
1099 2268 1190 2322 descri-

209 2355 292 2423 ptione
309 2355 460 2410 commodius
479 2354 582 2423 perspici
600 2354 710 2409 arbitror.
738 2355 812 2409 Poeta
828 2354 891 2408 eninr
908 2352 1029 2407 Ursidium
1045 2351 1190 2408 Postumum
1296 2393 1297 2438 3

208 2438 387 2492 matrimonium
397 2439 512 2492 initurum
522 2436 633 2506 pudicam
645 2452 742 2492 uxorem
758 2451 855 2506 sperare
866 2437 955 2492 mirans
967 2435 1003 2502 (r.
1015 2436 1191 2503 1-59)1111
1296 2489 1297 2494 ,

209 2522 259 2592 ipsa
278 2535 305 2581 re
315 2521 419 2590 primum
430 2520 460 2575 ad
476 2520 649 2590 impudicitiam
665 2520 736 2575 huius
751 2535 823 2576 sexus
834 2520 941 2576 defertur
952 2535 1052 2593 eamque
1063 2524 1190 2590 spectacu-
1294 2519 1297 2582 ζ

209 2606 287 2660 lorum
307 2605 412 2659 maxime
427 2604 552 2660 lenociniis
565 2605 595 2660 ali
611 2611 709 2676 questus
720 2605 756 2671 (r.
768 2610 804 2664 60
815 2608 907 2675 -81)
918 2620 1066 2660 summarum
1078 2617 1191 2676 quarum-
1294 2603 1297 2680 ζ

209 2702 256 2760 que
267 2689 383 2743 domnum
394 2695 514 2744 matronas
529 2689 708 2760 indignissimas
723 2689 834 2744 libidines
849 2691 936 2745 sectari
953 2688 1043 2760 Eppiae
1052 2689 1191 2746 Veientonis
1294 2746 1296 2750 Α

210 2772 246 2838 (u.
263 2775 343 2829 82-
354 2775 418 2842 113)
442 2772 565 2843 ipsiusque
581 2772 721 2828 Messalinae
739 2773 832 2830 Claudii
851 2773 961 2830 Caesaris
979 2774 1061 2829 uxoris
1078 2773 1191 2843 exemplo

210 2856 281 2911 docet
292 2855 328 2922 (u.
342 2859 529 2927 114-132);
547 2871 578 2912 11
585 2863 668 2912 tarum
677 2859 701 2913 in
717 2857 755 2913 his
769 2859 934 2930 acquiescant,
946 2859 988 2914 scd
999 2859 1036 2912 vel
1048 2857 1109 2911 ultra
1120 2863 1190 2913 natu·

209 2955 249 2994 rae
261 2939 388 3012 imperium
400 2941 545 3012 quibuslibet
555 2941 726 3012 cupiditatibus
736 2949 808 3015 atque
819 2943 914 3014 ineptiis
924 2942 1079 3014 indulgeant,
1092 2942 1192 2998 marito·
1294 2935 1297 3002 Ϊ

210 3039 263 3078 rum
280 3025 351 3093 culpa
366 3024 416 3080 lieri
427 3026 520 3097 arguit,
539 3025 579 3098 qui
590 3027 649 3082 solis
660 3034 700 3083 aut
711 3028 775 3083 dotis
786 3034 827 3082 111
839 3029 929 3083 lormae
940 3026 1059 3083 illecebris
1075 3025 1166 3092 ducti(
1183 3065 1192 3080 .
1293 3027 1297 3085 Ῑ

211 3110 262 3165 133
271 3111 381 3179 —148)
393 3109 548 3165 muliebribus
559 3112 649 3167 artibus
661 3112 763 3182 imperes
773 3113 836 3175 sint,
852 3112 986 3182 horumque
996 3110 1085 3169 levitati
1097 3110 1191 3164 illarum
1296 3117 1297 3160 1

210 3192 331 3246 auaritiam
349 3189 588 3267 (1.119-160),
606 3196 694 3251 testum
712 3195 750 3261 (r.
768 3200 864 3253 161-
875 3197 953 3264 183),
971 3190 1068 3250 delicias
1085 3193 1122 3258 (r.
1140 3197 1192 3250 184
1294 3197 1297 3204 ’

213 3278 340 3345 -199),
358 3277 556 3348 imperiositetem
574 3280 611 3345 (u.
630 3287 682 3338 260
694 3283 814 3348 -223),
837 3278 928 3350 litigia,
947 3278 1055 3353 frendes,
1076 3276 1192 3333 adulteria

210 3359 303 3430 aliaque
322 3362 409 3431 probra
425 3363 458 3418 ita
470 3365 582 3434 opponit,
600 3371 628 3418 ut
644 3365 744 3419 inomni
756 3378 846 3435 genere
860 3363 963 3418 feminea
977 3363 1015 3417 uel
1027 3361 1192 3416 calliditesuel
1295 3367 1297 3432 ᾗ

211 3443 357 3516 impudentis
368 3448 477 3518 superior
486 3454 598 3519 appareat
611 3445 966 3518 (1.224-285);111111111
978 3453 1059 3501 antem
1070 3453 1193 3501 tentorum
1293 3449 1297 3519 ,ζ

210 3531 360 3602 flagitiorum
371 3533 391 3587 si
404 3534 457 3604 quis
472 3533 590 3603 requirat,
610 3531 742 3586 universam
754 3538 890 3601 temporum
908 3532 1068 3600 corruptelam
1083 3538 1108 3584 et
1122 3529 1193 3585 lusn-

208 3615 271 3670 riam
288 3625 404 3682 accusat,
423 3619 461 3673 cui
478 3617 590 3672 resistere
604 3614 729 3670 muliebris
745 3615 927 3685 intemperantia
944 3630 993 3670 non
1003 3615 1080 3684 possit
1092 3614 1128 3681 (r.
1141 3615 1193 3672 286
1293 3683 1297 3707 1
