2600 4006
202 255 238 312 14
522 261 557 306 D.
581 259 652 307 IUN.
675 257 860 306 Iuvumatts

198 402 336 481 Pauperis
360 400 407 460 hic
427 400 576 474 meritum,
595 401 621 457 si
643 408 725 458 curet
745 406 831 458 nocte
853 405 971 474 togatus

199 486 341 561 currere,
363 501 449 563 quum
469 491 588 561 praetor
609 482 742 542 lictorem
763 479 893 560 impellat
913 489 942 540 et
963 483 1006 542 ire

198 570 390 648 Praecipitem
413 566 529 643 iubeat,
550 566 655 627 dudum
676 564 860 643 vigilantibus
883 564 973 641 orbis,

196 652 241 713 Ne
264 654 344 732 prior
366 650 500 711 Albinam
523 659 553 709 et
575 648 700 710 blodiam
723 648 841 727 collega
863 646 991 709 salutet?

197 737 300 798 Divitis
322 735 369 795 hic
392 736 470 794 servi
493 733 599 794 claudit
620 733 695 794 latus
717 734 907 810 ingenuorum

196 820 303 888 Filium
327 819 402 880 alter
424 818 515 893 euim,
538 825 674 897 quantum
697 819 724 876 iu
748 817 865 895 legione
887 816 992 878 tribuni

197 904 370 983 Accipiunt,
393 903 481 962 donat
504 899 641 961 Calvinae
660 901 710 961 vel
734 899 883 974 Catienae,

196 988 234 1048 Ut
253 986 347 1047 semel
380 996 429 1047 ant
460 987 565 1048 iterum
596 1003 685 1064 super
706 984 784 1045 illam
806 983 943 1063 palpitet:
966 994 994 1044 at
1016 995 1058 1062 tu,

198 1071 291 1146 Quum
312 1071 364 1130 tibi
382 1070 479 1128 vestiti
499 1069 591 1129 iacies
614 1070 704 1128 scorti
723 1068 838 1146 placet,
861 1067 968 1128 haeres

197 1153 234 1215 llt
254 1153 370 1214 dubitas
392 1153 449 1212 alta
472 1149 604 1212 Chionen
626 1152 773 1212 deducere
795 1151 879 1214 sella.

197 1238 241 1299 Da
263 1246 369 1297 testem
385 1235 494 1296 Romae
512 1244 569 1296 tam
589 1245 735 1311 sanctum,
759 1253 843 1314 quam
865 1236 918 1295 iuit
939 1235 1048 1314 hospes

196 1321 325 1382 Numinis
349 1319 445 1395 ldaei,
468 1320 609 1398 procedat
630 1321 679 1380 vel
700 1318 790 1380 Numa
810 1319 859 1379 rel
884 1322 932 1398 qui

197 1405 332 1466 Servavit
351 1403 492 1482 trepidam
513 1403 644 1481 flagranti
664 1422 702 1463 ex
723 1403 796 1464 aede
818 1401 991 1464 blinervam:

197 1490 329 1551 Protinus
352 1489 387 1548 ad
409 1503 541 1556 censum;
565 1489 601 1548 de
623 1487 752 1548 moribus
774 1487 873 1548 ultima
894 1487 945 1547 liet

197 1573 353 1647 Quaestio:
378 1580 448 1650 quot
464 1573 558 1650 pascit
580 1568 705 1631 servos?
723 1580 793 1650 quot
814 1570 945 1649 possidet
965 1572 1028 1648 agri

196 1654 322 1734 Iugera?
346 1674 430 1733 quam
447 1655 535 1715 multa
557 1673 719 1733 magnaque
742 1654 901 1734 paropside
923 1653 1047 1714 coenat?

197 1740 339 1814 Quantum
364 1740 487 1817 quisque
509 1756 561 1798 sua
583 1754 760 1798 nummorum
782 1748 881 1799 servat
900 1741 928 1798 in
950 1754 1028 1814 arca,

197 1823 318 1884 'lantum
340 1821 427 1882 habet
448 1831 478 1881 et
499 1822 581 1892 lidei;
604 1824 682 1881 iures
705 1821 775 1882 licet
798 1831 828 1882 et
847 1823 1066 1883 Samothracum

196 1906 233 1967 Et
252 1916 416 1965 nostrorum
439 1923 522 1982 aras,
546 1915 733 1966 contemnere
755 1905 873 1967 iulmina
894 1924 1006 1985 pauper

197 1988 332 2051 Creditur
350 1998 436 2067 atque
456 1989 547 2066 deos,
565 1990 610 2051 dis
631 1989 851 2067 ignoscentibus
872 1991 953 2068 ipsis.

197 2074 272 2148 Quid
292 2073 370 2153 quod
392 2075 541 2134 materiam
559 2075 682 2153 praebet
702 2092 864 2153 causasque
886 2075 1015 2134 iocorum

197 2156 334 2217 Omnibus
356 2156 403 2217 hic
425 2158 516 2234 idem,
538 2160 563 2217 si
582 2157 670 2218 ioeda
694 2168 723 2218 et
745 2160 837 2218 scissa
861 2158 988 2233 lacerna,

196 2242 227 2301 Si
249 2250 318 2318 toga
338 2241 487 2303 sordidula
507 2251 552 2301 est
575 2251 604 2301 et
625 2251 709 2320 rupta
729 2242 847 2303 calceus
868 2242 944 2302 alter

196 2324 278 2384 Pelle
300 2333 396 2402 patet,
417 2324 466 2384 vel
489 2326 513 2382 si
536 2335 657 2385 consuto
681 2325 801 2385 vulnere
823 2343 951 2386 crassum
1135 2337 1185 2389 15ss
1290 2369 1291 2392 1

196 2407 293 2487 Atque
312 2425 418 2467 recens
439 2407 527 2467 linum
547 2409 672 2468 ostendit
694 2425 751 2467 non
773 2427 828 2469 nna
850 2406 992 2470 cicatrix?
1290 2399 1291 2434 l

196 2490 243 2551 Nil
262 2490 351 2550 habet
373 2490 476 2550 inielix
497 2500 654 2571 paupertas
676 2490 774 2552 durius
796 2493 824 2551 in
847 2511 890 2568 se,

197 2575 288 2648 Quam
312 2573 390 2653 quod
410 2573 550 2634 ridiculos
571 2575 702 2634 homiues
723 2576 802 2636 iacit.
848 2575 959 2652 Exeat,
983 2576 1082 2655 inquit,

196 2658 228 2717 Si
249 2656 342 2736 pudor
365 2666 426 2734 est,
447 2666 477 2716 et
498 2657 534 2718 de
554 2658 671 2737 pulvino
694 2668 792 2738 surgat
813 2661 955 2740 equestri,

197 2739 285 2800 Gaius
307 2759 356 2800 res
378 2740 438 2818 legi
459 2758 517 2800 non
539 2742 663 2818 suflicit,
687 2753 717 2802 at
734 2744 855 2805 sedeant
875 2743 923 2804 hic
1133 2754 1186 2806 155

195 2824 343 2884 Lemonum
364 2825 448 2903 pueri
472 2842 655 2906 quocumque
675 2828 703 2886 in
726 2827 839 2888 ioruice
858 2829 931 2896 nati:

196 2907 249 2968 llic
270 2907 388 2987 plaudat
409 2910 489 2969 nitidi
508 2911 664 2988 praeconis
686 2910 761 2970 lilius
782 2913 857 2971 inter

125 2985 132 3000 ’
195 2992 339 3070 Pinnirapi
360 2993 452 3052 cultos
474 2995 596 3054 iuvenes
613 2995 793 3073 iuvenesque
815 2995 952 3055 lanistae:

196 3075 246 3135 Sic
262 3074 371 3134 libitum
387 3093 477 3154 vano,
498 3079 546 3156 qui
568 3094 621 3138 nos
643 3077 788 3154 distinxit,
810 3076 925 3138 Othoni.

197 3156 269 3231 Quis
289 3175 383 3234 gener
402 3159 449 3220 hic
472 3161 580 3238 placuit
603 3179 692 3222 censu
714 3161 807 3220 minor
823 3171 910 3241 atque
932 3161 1048 3240 puellae
1135 3172 1187 3227 160

197 3241 356 3301 sarcinulis
378 3242 489 3322 impar?
510 3247 574 3324 quis
595 3262 708 3323 pauper
728 3243 862 3305 scribitur
884 3242 993 3304 heres?

197 3323 318 3397 Quando
339 3327 366 3385 in
389 3327 511 3388 consilio
530 3336 575 3388 est
596 3325 760 3388 aedilibus?
781 3330 895 3406 agmine
916 3329 994 3388 iacto

196 3407 365 3470 Debuerant
384 3410 452 3470 olim
471 3419 573 3471 tenues
595 3413 737 3488 migrasse
760 3411 896 3486 Quirites.

197 3489 278 3552 Haud
298 3492 385 3554 iacile
410 3502 577 3571 emergunt,
600 3511 721 3574 quorum
739 3496 892 3556 virtutibus
915 3495 1012 3556 obstat
