2600 4006
502 221 627 269 suntad
649 223 686 270 11.

97 361 245 438 Libertas,
269 369 298 421 et
320 362 400 421 crine
423 379 515 420 senex
533 362 673 421 lunaticus
695 361 762 423 albo

96 447 252 506 Sacrorum
273 447 409 520 antistes,
430 463 525 505 rarum
547 463 583 506 ac
600 444 790 506 memorabile
810 448 906 523 magni

97 529 223 592 Guttnris
246 528 411 607 exemplum
434 529 699 609 conducendusque
719 530 868 606 magister.

97 612 172 687 Quid
186 621 281 672 tamen
297 621 487 691 exspectant,
510 612 636 690 Phrygio
654 631 727 692 qnos
744 622 858 692 tempus
874 622 936 674 erat
953 615 1007 674 iam
1036 626 1086 678 115

96 696 179 757 blora
202 714 412 774 supervacuam
434 696 534 756 cultris
556 697 731 775 abrumpere
754 693 892 757 carnem?

97 780 314 857 Quadringenta
337 780 416 844 dedit
434 779 582 840 Gracchus
607 782 741 840 sestertia
763 781 860 840 dotem

98 861 261 939 Comicini,
285 865 348 924 sive
369 862 418 923 hic
439 873 521 924 recto
542 872 709 924 cantaverat
730 882 816 924 aere:

96 949 235 1025 Signatae
256 947 372 1007 tabulae
385 967 393 1020 ;
417 947 522 1028 dictum
545 945 697 1008 Feliciter!
721 949 823 1025 ingens

97 1029 198 1092 Goena
220 1031 318 1104 sedet;
340 1032 452 1108 gremio
471 1032 558 1092 iacuit
580 1049 655 1092 nova
677 1040 764 1110 nupta
786 1031 888 1090 mariti.
1034 1043 1105 1110 lttt¹

96 1116 120 1176 Ο
142 1133 303 1195 proceres,
326 1132 451 1174 censore
473 1132 547 1194 opos
566 1125 611 1174 est
629 1134 665 1176 an
687 1114 843 1193 haruspice
865 1113 973 1174 nobis?
1088 1140 1092 1146 ·

96 1200 217 1260 Scilicet
237 1198 377 1259 horreres
394 1199 562 1278 maioraque
584 1209 711 1259 monstra
733 1207 862 1277 putares,

96 1285 127 1344 Si
150 1283 254 1343 mulier
274 1283 392 1343 vitulum
411 1283 460 1342 vel
482 1285 506 1342 si
528 1283 583 1342 bos
606 1284 708 1344 ederet
727 1277 853 1360 agnum?

96 1369 253 1444 segmenta
276 1376 305 1427 et
327 1367 433 1443 longos
452 1365 565 1427 habitus
588 1376 617 1427 et
639 1367 769 1428 flammea
790 1365 884 1440 sumit,

95 1451 212 1511 Arcano
234 1452 281 1530 qui
304 1468 386 1511 sacra
408 1450 507 1510 lerens
525 1452 651 1512 nutantia
679 1450 743 1509 loro

96 1535 217 1595 Sndavit
247 1535 352 1613 clipeis
375 1534 525 1594 ancilibus.
554 1529 595 1593 '0
617 1542 701 1613 pater
719 1533 809 1607 urbis,

94 1618 179 1679 Unde
201 1617 284 1678 nelas
304 1626 410 1678 tantum
432 1616 519 1679 Latiis
539 1615 726 1698 pastoribus?
748 1610 823 1677 unde

95 1702 176 1762 llaec
198 1702 308 1779 tetigit,
330 1699 471 1777 Gradive,
494 1711 559 1762 tuos
581 1702 673 1762 urtica
695 1699 840 1779 nepotes?

96 1785 231 1846 Traditur
253 1802 326 1845 ecce
348 1787 411 1845 viro
435 1785 531 1846 clams
552 1803 664 1863 genere
687 1795 772 1864 atque
796 1785 900 1864 opibus
920 1785 979 1844 vir:

95 1868 161 1928 Nec
182 1869 296 1946 galeam
317 1886 455 1947 quassas,
480 1887 536 1929 nec
558 1877 664 1929 terram
689 1869 809 1948 cuspide
831 1869 941 1949 pulsas,
1037 1877 1086 1930 130

95 1951 160 2012 Nec
183 1954 316 2032 quereris
335 1949 430 2030 patri‘l
452 1953 529 2013 vade
548 1971 620 2030 ergo
639 1962 669 2013 et
691 1953 765 2014 cede
788 1953 886 2013 severi

96 2033 248 2114 lugeribns
272 2036 383 2115 campi,
404 2054 490 2116 quem
512 2037 663 2114 neglegis!
676 2066 720 2082 --
736 2034 870 2095 thcinm
893 2052 957 2094 cras

95 2120 190 2180 Primo
213 2119 277 2180 sole
296 2119 363 2179 mihi
386 2119 585 2198 peragendum
607 2121 634 2179 in
652 2119 730 2180 valle
754 2119 873 2193 Quirini.

96 2203 178 2277 Quae
202 2221 288 2264 cansa
311 2201 421 2263 cilicii?
444 2205 510 2283 qnid
534 2201 671 2282 qnaeris?
696 2202 775 2262 nubit
797 2205 916 2276 amicus,

94 2285 160 2347 Nec
181 2287 286 2348 multos
304 2287 478 2348 adhibet—
487 2287 585 2348 Liceat
597 2288 684 2348 modo
698 2287 817 2346 vivere:
840 2287 919 2361 lient,

93 2369 179 2431 Fient
199 2373 254 2433 ista
277 2371 390 2450 palam,
414 2373 530 2451 cupient
553 2381 582 2430 et
605 2372 634 2431 in
656 2380 720 2432 acta
740 2370 856 2431 relerri.

93 2454 210 2516 Interea
232 2463 403 2516 tormentum
424 2457 527 2533 ingens
545 2455 719 2516 nubentibus
740 2454 851 2531 haeret,

95 2538 182 2612 Qnod
203 2549 348 2619 nequeant
366 2557 473 2618 parere
494 2548 524 2598 et
545 2549 629 2618 partu
649 2540 776 2599 retinere
797 2539 932 2609 maritos;

94 2623 156 2683 Sed
179 2622 298 2698 melias,
322 2624 399 2701 qnod
420 2623 459 2683 nil
477 2623 577 2683 animis
599 2625 774 2702 incorpora
796 2624 865 2682 iuris

94 2705 204 2766 Natura
225 2706 372 2784 indulget:
396 2706 512 2767 steriles
535 2709 703 2781 moriuntur,
731 2715 760 2766 et
781 2706 840 2766 illis

93 2789 223 2867 angida
244 2806 302 2850 non
318 2790 441 2869 prodest
464 2790 578 2851 condita
603 2790 710 2869 pyxide
732 2789 822 2865 hyde,

92 2870 160 2932 Nec
182 2873 303 2952 prodest
324 2874 393 2951 agili
410 2874 521 2953 palmas
542 2874 689 2953 praebere
723 2877 856 2952 luperco.

92 2956 173 3016 Vicit
193 2967 223 3017 et
245 2957 303 3018 hoc
322 2968 479 3019 monstrum
502 2959 620 3024 tunicati
641 2958 753 3018 fuscina
776 2956 910 3032 Gracchi,

93 3040 296 3121 lustravitque
315 3041 385 3118 luga
406 3043 530 3103 mediam
548 3042 693 3120 gladiator
714 3059 841 3118 arenam,

92 3123 130 3184 Et
156 3121 328 3203 Capitolinis
351 3127 528 3203 generosior
551 3127 594 3205 [et
615 3124 764 3187 blarcellis

91 3206 130 3268 Et
156 3205 249 3268 Catuli
273 3208 414 3288 Paulique
445 3209 615 3288 minoribns]
638 3220 667 3270 et
686 3207 785 3270 Fabiis
805 3219 833 3269 et

93 3289 234 3352 Omnibus
257 3293 293 3353 ad
312 3294 429 3371 podium
452 3293 668 3373 spectantibus,
694 3292 738 3353 his
760 3293 831 3353 licet
854 3293 946 3370 ipsum

94 3374 280 3452 Admonens,
304 3378 385 3437 cuins
406 3387 474 3438 tnnc
495 3395 616 3438 munere
637 3379 711 3437 retia
731 3378 816 3437 misit.

135 3458 214 3520 Esse
236 3460 352 3540 aliquos
372 3479 471 3522 manes
495 3470 524 3522 et
546 3460 734 3522 subterranea
756 3478 845 3537 regna
