2600 4006
183 247 185 252 ·
218 237 319 287 xxxn
600 209 807 282 rnnmnnnro.

219 388 269 442 125
280 389 306 438 et
314 386 367 440 223
376 387 448 451 poeta
457 387 530 453 urget
541 385 565 434 et
575 391 640 433 nunc
649 377 683 432 ita
693 376 802 448 posuisse
811 377 917 442 ridetm,
928 383 956 433 nt
966 393 1015 434 non
1025 377 1077 448 pari
1087 393 1144 433 cnm
1154 393 1200 434 era-

217 465 382 522 tecedcntibns
394 463 515 520 infinitivis
530 464 585 519 loco
595 460 678 516 haberi
687 461 730 517 sed
740 461 805 518 hunc
815 477 913 518 sensnm
929 476 983 516 esse
992 460 1080 517 vellet:
1091 461 1151 518 dum
1161 461 1199 518 di·

218 550 287 606 vitias
304 549 428 621 adquiras,
452 547 518 603 nullo
535 545 635 602 crimine
650 545 777 602 abstinere.
794 573 837 584 —
852 545 881 602 V.
897 549 950 605 269
961 544 1018 618 quin
1028 561 1072 615 pro
1082 552 1199 614 suspecto

218 641 339 698 notarem
361 638 495 703 temperare
505 631 564 687 mihi
574 645 623 687 non
632 629 715 700 potuis
731 630 805 687 nimia
815 636 881 686 certe
890 629 1008 688 acerbitas
1016 629 1145 686 videturin
1155 629 1201 685 de-

217 717 361 788 scriptione,
375 731 533 789 quaererem
543 714 625 786 potius
642 720 667 769 et
677 714 844 780 mmmarium,
863 728 936 785 quam
952 714 1025 769 rilem
1035 720 1061 768 et
1076 713 1201 785 perditum

218 807 377 858 mercatorem
389 800 513 871 proponit,
525 800 650 871 ipsumque
668 798 781 854 orationis
798 814 896 854 cunum
912 797 989 854 imnis
1005 795 1201 869 amplificationis

218 887 333 956 strepitus
350 884 440 947 tardatr
457 884 536 939 acrius
551 889 632 939 tamen
648 889 719 938 tueor
733 883 796 954 qnod
814 889 839 938 et
850 882 921 937 innius
935 882 1022 938 satirae
1032 897 1055 937 r.
1065 887 1119 942 315
1130 887 1156 936 et
1165 879 1199 937 ll.

219 974 270 1028 365
282 983 325 1039 pro
337 965 407 1022 dobes
418 983 474 1024 cum
484 965 620 1022 Heinrichio
633 966 717 1036 scripsi
727 966 798 1033 odmt,
809 967 874 1039 quod
884 972 912 1022 nt
925 966 1048 1037 superiore
1057 966 1113 1023 loco
1123 966 1202 1037 ipsine

219 1052 343 1107 Pithoeani
353 1051 400 1106 lide
410 1052 504 1116 nititur,
516 1052 549 1106 ita
561 1051 728 1122 antiquissimo
734 1051 852 1107 lactantii
861 1050 1000 1106 testimonio
1011 1049 1089 1106 lnstit.
1099 1051 1148 1106 div.
1156 1049 1200 1106 llL

220 1140 254 1194 29
265 1136 299 1190 ita
314 1135 437 1201 firmatur,
450 1143 477 1190 ut
488 1150 553 1190 nunc
563 1134 602 1190 vel
614 1141 697 1189 contra
707 1135 827 1207 optimum
837 1134 947 1191 codicem
957 1135 1110 1192 retinendum
1119 1135 1202 1190 risum

218 1222 264 1282 sit;
275 1235 307 1274 ne
318 1219 382 1274 enim
390 1220 469 1290 ipsum
479 1225 576 1290 poetam
584 1219 688 1274 variasse
698 1233 851 1285 censeamus,
862 1219 995 1275 sententiae
1004 1233 1099 1291 quoque
1111 1233 1203 1275 conve·

219 1305 308 1359 aientia
318 1309 395 1368 vetat,
413 1303 453 1358 eni
462 1304 541 1359 solum
551 1301 616 1358 odem
631 1309 742 1359 constare
756 1303 883 1360 invindie.
895 1319 920 1374 p.
932 1305 966 1361 17
976 1303 1080 1359 delendi
1091 1331 1134 1341 —
1146 1302 1202 1359 Sat.

219 1388 270 1444 XV.
281 1403 304 1443 r.
315 1388 359 1446 86.
372 1391 405 1446 87
415 1387 593 1458 interpolatoris
604 1401 683 1459 nugas
693 1389 766 1444 etiam
777 1386 894 1443 Orellinm
913 1385 1097 1457 deprehendisse
1107 1388 1202 1449 lacten

218 1488 265 1527 nec
274 1488 298 1527 ν.
310 1475 361 1528 124
372 1485 414 1526 eos
424 1472 492 1544 sequi
504 1470 622 1536 dubitavi,
640 1472 681 1542 qui
699 1487 742 1542 pro
757 1471 895 1527 Boeotos
911 1471 991 1527 minus
1006 1478 1063 1526 nota
1073 1470 1203 1526 Bistcmon

219 1563 294 1629 gente
304 1555 414 1610 restituta
424 1556 530 1611 numeris
539 1555 612 1610 simul
623 1561 649 1610 et
660 1557 766 1612 sermoni
776 1556 962 1620 consuluerunt,
974 1554 1015 1626 qui
1025 1555 1088 1625 apud
1099 1555 1202 1610 luvena-

138 1644 143 1656 '
219 1642 267 1697 lem
281 1639 413 1694 Britannos
427 1646 521 1694 tantum
537 1639 655 1701 admittit:
672 1637 758 1696 eodem
768 1655 825 1695 vero
836 1639 947 1709 exemplo
958 1636 1010 1693 Sat.
1021 1635 1083 1695 llll.
1095 1645 1111 1697 1
1122 1641 1203 1694 rarius

220 1722 293 1779 Gellii
304 1737 391 1777 nomen
401 1722 509 1778 revocari
518 1721 723 1792 ipsiusPithoeani
730 1723 942 1790 anctoritasiussit,
952 1723 1096 1794 quodqnum
1108 1722 1204 1779 librarii

219 1809 371 1880 ignorarent,
394 1812 487 1862 mature
503 1804 571 1861 Galle
586 1821 630 1876 pro
647 1804 712 1862 dato
726 1807 854 1863 scribendo
866 1807 970 1862 editores
985 1821 1081 1878 qnoque
1091 1806 1117 1861 in
1127 1806 1204 1862 lidus

219 1891 363 1947 oblivionem
375 1890 531 1946 adduxerunt.
541 1919 580 1928 -
592 1887 760 1962 Sulpiciae
773 1893 886 1957 satiram,
897 1906 969 1963 quam
979 1889 1073 1947 Pitheci
1085 1891 1204 1948 aliorum·

187 2026 190 2033 .
219 1991 266 2048 que
281 1973 392 2043 exemplo
409 1974 524 2030 comitem
534 1974 639 2029 luvenali
651 1975 744 2045 addidi,
756 1977 806 2032 lere
815 1981 892 2033 totam
903 1975 933 2030 ad
944 1974 1103 2032 Wemsdorfii
1115 1990 1202 2032 exem-
1248 1981 1251 1986 '

175 2067 178 2072 “
219 2062 271 2131 pler
281 2058 400 2129 expressi,
413 2073 485 2130 quem
495 2058 570 2114 semel
579 2065 673 2114 tantum
689 2061 788 2116 miratus
798 2075 853 2116 sum
863 2074 888 2114 v.
899 2063 933 2116 55
943 2060 1075 2128 proclivem
1085 2061 1201 2118 emenda·
1292 2125 1293 2144 χ

218 2145 428 2215 tionemspecpro
438 2159 497 2215 opes
503 2143 636 2213 sprevisse:
647 2143 755 2200 inaltero
765 2133 835 2212 loco',
846 2142 889 2198 ubi
898 2143 928 2198 ab
936 2143 1000 2199 illins
1006 2145 1111 2200 lectione
1121 2145 1202 2200 disce·

219 2230 311 2286 densv.
323 2233 357 2287 61
373 2227 432 2282 cetis
448 2243 504 2282 com
519 2227 716 2298 Bormannopro
732 2229 806 2284 emet
821 2227 921 2297 scripsi,
938 2241 1020 2285 rerem
1030 2229 1138 2299 poetriae
1147 2245 1201 2286 me·

219 2311 624 2380 nnmnecipsepmestareaudoo.

302 2443 357 2500 so.
373 2443 502 2514 meningas
514 2443 538 2497 o.
551 2415 628 2499 xirv
639 2443 725 2501 saer.
737 2461 759 2500 a.
772 2445 940 2502 nnooomv.

784 2661 786 2666 ’
822 2675 861 2758 d.
887 2675 943 2756 Fr.
966 2677 1143 2756 llermonn.
