2626 4006
508 207 633 254 suumn
653 209 724 255 xrv.
1067 201 1109 261 97

122 349 308 425 Flagrantem
330 344 388 404 late
411 354 440 404 et
462 346 623 424 rapientem
645 355 748 407 cuncta
769 346 893 424 videbis,
1056 361 1108 414 245

121 433 185 493 Nec
207 430 258 490 tibi
281 437 418 508 parcetur
441 431 564 503 misero,
591 431 791 508 trepidumque
814 431 981 508 magistrum

121 517 154 577 lu
176 532 267 576 cavea
289 529 394 589 magno
417 512 531 572 fremitu
556 513 603 572 leo
627 512 711 572 tollet
735 513 874 573 alumnus.

121 600 198 660 Nota
220 596 429 657 mathematicis
453 598 571 673 genesis
593 605 655 664 tua;
680 596 733 656 sed
754 615 844 674 grave
868 599 964 658 tardas

122 676 306 761 Exspectare
331 678 429 739 colus:
452 680 585 739 morieris
607 680 727 739 stamine
750 680 874 740 nondum

122 767 267 843 Abrupto.
301 762 360 824 lam
386 781 460 822 nuuc
485 762 584 824 obstas
613 771 643 822 et
667 771 736 823 vota
758 765 890 840 moraris,
1055 778 1108 830 250

122 851 182 911 lam
209 856 326 926 torquet
348 849 480 906 iuvenem
504 847 592 924 longa
614 855 643 905 et
667 848 782 908 cervina
806 855 952 908 senectus.

123 933 211 993 Ocius
236 930 423 1007 Archigenen
446 948 554 1008 quaere
577 939 663 1008 atque
688 949 751 990 eme
774 932 851 1009 quod
873 929 1051 993 Mithridates

124 1015 310 1094 Composuit,
335 1016 359 1073 si
382 1016 427 1073 vis
448 1013 533 1073 aliam
554 1013 716 1090 decerpere
739 1013 824 1074 licum

123 1101 221 1178 Atque
245 1097 316 1158 alias
338 1105 465 1157 tractare
488 1115 581 1156 rosas.
614 1095 792 1158 Medicamen
814 1096 975 1158 habendum
998 1109 1052 1174 est,

124 1182 253 1244 Sorbere
274 1189 340 1240 ante
364 1181 458 1240 cibum
481 1181 559 1260 quod
581 1179 686 1240 debeat
708 1189 737 1240 et
759 1191 842 1259 pater
865 1189 894 1241 et
915 1200 978 1242 rex.
1055 1193 1107 1246 255

166 1265 298 1325 Monstro
320 1263 499 1342 voluptatem
522 1265 686 1341 egregiam,
710 1266 757 1324 cui
779 1263 857 1324 nulla
884 1264 1007 1342 theatra,

124 1349 212 1409 Nulla
234 1365 360 1426 aequare
386 1366 476 1426 queas
498 1349 642 1426 praetoris
665 1347 775 1426 pulpita
797 1347 876 1423 lauti,

127 1434 159 1493 Si
183 1440 316 1511 spectes,
344 1440 450 1510 quanto
474 1432 576 1509 capitis
599 1432 763 1492 discrimine
788 1438 927 1491 constent.

124 1516 304 1576 Incrementa
332 1514 449 1590 domus,
474 1524 571 1574 aerata
593 1514 697 1574 multus
720 1516 748 1573 in
771 1531 840 1573 arca

122 1599 226 1660 Fiscus
250 1607 279 1658 et
302 1598 337 1657 ad
358 1597 476 1675 vigilem
499 1597 623 1676 ponendi
646 1594 768 1657 Castora
790 1599 904 1673 nummi,
1054 1608 1107 1662 260

122 1683 170 1743 Ex
192 1699 250 1762 quo
274 1680 351 1742 Mars
372 1681 451 1741 ultor
472 1681 586 1758 galeam
608 1698 725 1760 quoque
748 1680 873 1759 perdidit
894 1690 923 1741 et
945 1699 993 1741 rcs

125 1762 190 1828 Non
213 1767 306 1844 potuit
328 1783 447 1824 serrare
468 1783 544 1825 suas.
576 1763 656 1842 Ergo
680 1765 775 1824 omnia
796 1763 902 1825 Florae

122 1849 161 1910 Et
185 1847 302 1909 Cereris
325 1849 396 1909 licet
416 1857 446 1908 et
467 1846 594 1924 Cybeles
618 1849 719 1909 aulaea
741 1847 905 1927 relinquas;

123 1933 217 1994 'lanto
238 1933 364 1992 maiores
386 1931 507 1992 hnmana
529 1935 647 2010 negotia
669 1931 737 1993 ludi.

122 2017 171 2076 An
192 2017 283 2093 magis
308 2015 457 2075 oblectant
477 2017 598 2075 animum
620 2017 725 2076 iactata
747 2024 869 2094 petauro
1055 2024 1106 2078 265

124 2100 259 2179 Corpora
281 2101 387 2178 quique
409 2098 487 2158 solet
500 2101 619 2159 'rectum
642 2099 823 2159 descendere
845 2099 952 2175 funem,

123 2183 216 2257 Quam
242 2191 289 2258 tu,
312 2180 437 2258 Corycia
463 2201 579 2261 semper
601 2184 649 2262 qui
671 2201 770 2261 puppe
795 2183 917 2243 moraris

123 2267 222 2345 Atque
245 2265 371 2342 habitas,
396 2281 466 2326 coro
491 2285 607 2345 semper
629 2266 774 2327 tollendus
798 2274 827 2325 et
849 2274 957 2342 austro,

126 2350 271 2431 [Perditus
295 2368 329 2410 ac
350 2349 416 2410 vilis
439 2353 518 2410 sacci
541 2360 687 2410 mercator
708 2349 838 2428 olentis‚]

125 2434 183 2507 Qui
205 2433 315 2510 gaudes
339 2435 446 2511 pingue
469 2436 602 2512 antiquae
628 2434 664 2494 de
688 2433 774 2494 litore
798 2430 904 2492 Cretae
1055 2439 1108 2495 270

123 2518 244 2577 Passum
267 2526 297 2576 et
316 2517 476 2594 municipes
497 2516 575 2577 lovis
599 2518 753 2578 advexisse
776 2513 919 2594 lagonas?

124 2600 180 2661 Hic
203 2608 298 2660 tamen
320 2601 437 2678 ancipiti
463 2600 555 2678 ligens
579 2603 702 2678 vestigia
724 2601 822 2679 planta

122 2684 240 2743 Victum
256 2683 308 2744 illa
327 2685 464 2744 mercede
485 2694 569 2762 parat
587 2685 772 2763 brumamque
793 2683 957 2762 famemque

123 2766 180 2827 Illa
202 2775 282 2827 reste
304 2776 402 2828 caret:
426 2776 456 2827 tu
478 2778 599 2846 propter
620 2768 699 2827 mille
720 2767 826 2828 talenta

124 2849 163 2908 Et
186 2858 299 2910 centum
320 2850 405 2911 villas
429 2853 609 2911 temerarius.
643 2850 753 2928 Aspice
775 2858 876 2928 portus
1057 2857 1108 2912 275

125 2932 164 2993 Et
186 2933 304 3011 plenum
326 2937 436 3011 magnis
460 2935 588 2994 trabibus
610 2952 705 2994 mare:
733 2932 797 3011 plus
820 2932 964 2991 hominum
986 2941 1031 2992 est
1054 2933 1108 2991 iam

123 3016 157 3076 Iu
179 3016 303 3095 pelago;
326 3020 425 3078 veniet
446 3017 565 3093 classis,
590 3034 773 3097 quocumque
794 3016 907 3075 vocarit

126 3101 203 3178 Spes
228 3100 321 3176 lucri,
345 3119 401 3160 nec
424 3099 608 3179 Carpathium
629 3100 809 3178 Gaetulaque
833 3108 940 3158 tantum

126 3183 268 3261 Aequora
290 3185 449 3262 transiliet,
474 3185 527 3245 sed
550 3184 638 3263 longe
665 3183 756 3262 Calpe
779 3182 882 3242 relicta

129 3265 235 3326 Audiet
255 3266 403 3328 Herculeo
430 3268 599 3328 stridentem
620 3269 736 3346 gurgite
760 3267 862 3326 solem.
1058 3275 1112 3330 280

127 3346 242 3411 Grande
265 3367 376 3428 operae
403 3353 525 3430 pretium
548 3361 610 3428 est,
633 3361 663 3411 ut
687 3360 771 3410 tenso
795 3349 867 3410 lolle
890 3349 998 3409 reverti

126 3430 196 3492 lude
219 3432 334 3494 domum
356 3437 453 3512 possis
477 3435 641 3514 tumidaque
657 3433 807 3532 superbus
830 3432 907 3492 aluta

165 3535 223 3576 rau⁴
239 3537 300 3576 sar.
