2626 4006
181 229 188 244 ·
225 209 264 270 64
581 220 616 296 n.
638 221 708 268 run.
733 221 919 270 ruvuusurs

224 361 269 421 De
294 376 385 435 grege
408 355 590 433 Moesorum,
617 360 733 438 quine
759 361 877 420 eervioe
899 361 995 425 looata

224 445 363 504 Seourum
387 440 503 510 iubeant
527 442 655 502 elamoso
678 444 813 502 insistere
840 444 930 504 airon

224 528 268 587 Sit
291 525 358 586 mibi
379 533 533 604 praeterea
558 544 662 585 oarvus
686 526 816 587 oaelator
838 536 868 587 et
892 529 977 606 alter,
1159 544 1211 600 ηε

225 609 280 683 Qui
300 609 404 668 multas
425 608 516 669 iaoies
540 609 631 688 pingit
653 610 726 668 aito:
751 610 894 672 suidoiuut
915 613 1000 690 haee,

225 691 346 765 Quando
370 709 427 768 ego
450 709 562 771 pauper
585 693 652 752 ero!
680 692 786 753 Votum
808 695 992 774 miserabile,
1015 717 1072 761 neo
1095 719 1167 780 spes

223 775 275 836 llis
300 776 417 843 saltem:
444 791 508 836 nanu
532 794 617 855 quum
639 794 693 855 pro
718 795 764 837 nne
789 776 915 840 Fortuna
936 793 1066 860 rogatur,

224 858 324 919 Affinis
349 877 433 919 ceras
454 860 504 920 illa
528 859 564 920 de
586 878 660 921 nave
683 862 799 939 petitas,

224 941 307 1015 Quae
329 943 444 1004 Sioulos
470 952 570 1004 oantus
596 943 697 1022 effugit
718 946 830 1021 remige
854 948 979 1009 surdo.“
1160 965 1212 1018 ssu

559 1171 865 1186 *ῇ-ὴ--ι

501 1365 540 1456 ll.
568 1363 676 1457 lllllll
702 1366 924 1462 lllllldlbll

625 1535 802 1611 nourrius

374 1678 1057 1796 sublitlltllll

572 1885 673 1949 ululo
698 1887 864 1963 QUARTUS.

632 2071 800 2084 ...u—„—

550 2189 787 2254 SATIRA
824 2190 869 2254 X.

222 2299 366 2394 Omnibus
389 2331 542 2405 interris,
567 2348 642 2408 quae
666 2340 768 2390 sunta
794 2329 921 2391 Gadibus
943 2349 1035 2409 usque

222 2416 364 2475 Auroram
385 2421 415 2472 et
438 2411 582 2490 Gangen,
607 2415 691 2492 pauni
716 2413 871 2474 dinoscere
895 2425 1016 2494 possunt

221 2499 300 2559 Vera
325 2495 402 2556 bona
423 2505 509 2574 alque
532 2496 589 2556 illis
613 2497 730 2557 multum
755 2498 888 2572 diversa,
913 2507 1024 2558 remota

221 2581 338 2642 Erroris
362 2578 477 2638 nebula.
515 2577 590 2651 Quid
616 2583 691 2640 enim
713 2583 825 2646 rationo
849 2581 981 2642 timemus

222 2665 280 2724 Aut
303 2659 455 2741 cupimus?
484 2663 551 2741 quid
571 2673 627 2724 tam
648 2664 751 2724 dextro
778 2665 854 2744 pede
880 2666 1028 2746 oonoipis,
1050 2676 1082 2726 ut
1104 2675 1135 2726 te
1194 2677 1210 2729 5
1296 2693 1297 2735 l

223 2747 350 2808 Corratas
371 2764 428 2806 nou
452 2748 600 2825 poeniteat
622 2750 741 2826 votique
764 2743 896 2827 peracti?

222 2832 365 2892 livertare
389 2830 490 2891 domos
516 2841 592 2892 totas
617 2831 782 2910 optantibus
804 2833 876 2911 ipsis

222 2917 257 2976 Di
284 2914 400 2982 iaoiles;
428 2916 559 2976 uooitura
581 2925 666 2993 toga,
692 2917 822 2976 nocitura
848 2923 981 2994 petuntur

222 2999 336 3067 llilitia;
364 3009 478 3060 torrens
503 3000 618 3061 dioendi
645 3001 730 3078 eopia
754 2999 849 3060 multis

221 3082 258 3142 Et
280 3101 331 3143 sua
353 3083 502 3143 mortifera
525 3093 569 3144 est
592 3083 740 3151 iaoundia;
764 3083 874 3142 viribus
896 3081 947 3142 ille

223 3164 354 3227 Goulisus
381 3168 466 3245 periit
487 3167 718 3246 admirandisque
742 3165 871 3226 lacertis.

221 3249 281 3309 Sed
307 3250 406 3327 plures
428 3251 513 3309 nimia
535 3260 676 3326 congesta
699 3251 824 3329 pecunia
849 3267 917 3310 eura

221 3333 386 3412 strangulat
410 3343 438 3393 et
463 3342 564 3393 uunota
590 3351 769 3412 exsuperans
794 3332 964 3413 patrimonia
991 3349 1108 3407 oeusus,

223 3412 336 3486 Quanto
363 3415 506 3494 delphinis
530 3417 664 3477 ballaena
688 3417 850 3476 Britannica
871 3417 971 3476 maior.
