2600 4006
506 212 631 260 surina
653 214 701 262 111.
1064 206 1101 266 37

113 350 173 412 lam
198 352 242 411 las
266 360 324 420 est余
351 351 470 411 admitte
492 352 644 411 111111-
662 351 721 410 lam
741 353 845 413 dormit
865 354 992 432 adulter,

113 433 167 496 llla
185 435 266 494 iulret
288 443 402 513 sumpto
425 437 558 496 iuvenem
581 452 742 515 properare
766 437 898 505 cucullo:
1053 449 1105 504 330

114 522 145 580 Si
168 519 239 579 nihil
262 528 323 596 est,
351 521 445 579 servis
469 521 637 589 incurritur余
662 520 818 582 abstuleris
840 539 923 600 spem

113 606 289 679 Servorum,
311 605 392 663 venit
414 612 444 663 et
466 604 626 664 conductus
651 607 800 684 aquarius余
824 606 872 665 lric
894 609 919 666 si

113 687 272 762 Quaeritur
294 696 324 747 et
346 687 451 747 desunt
472 687 620 765 lromines,
644 706 725 749 mora
747 689 825 749 nulla
847 692 1026 770 peripsam,

113 772 180 845 Quo
205 771 298 830 minus
322 771 457 850 imposito
483 772 597 832 clunem
618 775 773 833 summittat
795 773 899 834 asello.

112 856 211 935 Atque
235 855 341 915 utinam
364 857 435 915 ritus
458 865 577 915 veteres
600 866 630 917 et
654 857 771 936 publica
795 858 898 918 saltem
1051 868 1103 922 335

112 939 164 999 llis
185 941 293 1000 intacta
313 939 396 999 malis
419 949 577 1017 agerentur
597 959 695 1002 sacra:
718 942 771 1002 sed
795 959 896 1001 omnes

111 1022 264 1084 Noverunt
285 1022 377 1083 Mauri
398 1033 485 1103 atquc
509 1023 585 1101 ludi,
610 1043 685 1104 quae
709 1027 830 1104 psaltria
856 1043 961 1105 penem

111 1107 271 1184 Maiorem,
298 1125 382 1187 quarn
410 1119 476 1170 suut
500 1109 557 1168 duo
585 1106 721 1170 Caesaris
741 1111 944 1187 Anticatones,

111 1192 204 1267 lllue,
230 1191 358 1252 testiculi
380 1191 593 1253 sibi'conscius
615 1195 691 1254 unde
712 1194 787 1272 fugit
807 1213 880 1270 mus,

110 1275 259 1352 Intulerit,
283 1274 332 1335 ulti
354 1275 447 1336 velari
469 1279 583 1356 pictura
608 1277 733 1354 iubetur,
1051 1289 1103 1342 310

65 1429 69 1437 ,
111 1361 322 1440 Quaecumque
344 1360 464 1420 alterius
487 1380 576 1421 sexus
599 1363 707 1422 imitata
730 1362 849 1439 liguram
873 1372 927 1422 est.

111 1443 151 1503 m
177 1446 240 1523 quis
262 1454 331 1505 tunc
354 1444 499 1505 lrominum
522 1455 704 1525 contemptor
725 1444 868 1506 numinis?
892 1455 940 1506 aut
964 1447 1027 1524 quis

111 1529 290 1607 Simpuvium
313 1529 409 1589 ridere
434 1528 546 1589 Numae
571 1531 742 1609 nigrumque
766 1532 889 1600 catinum

111 1612 150 1672 111
171 1613 313 1672 Vaticano
335 1613 456 1690 fragiles
480 1615 516 1674 de
538 1623 634 1674 monte
659 1615 785 1693 patellas

111 1697 210 1755 Ausus
236 1695 319 1756 erati
342 1697 395 1758 sed
416 1717 492 1758 nunc
514 1698 550 1758 ad
574 1717 645 1778 quas
669 1716 727 1758 uon
752 1695 872 1758 Clodius
895 1695 982 1758 aras?
1050 1707 1102 1760 345

155 1781 267 1857 Audio,
293 1782 360 1861 quid
383 1790 501 1842 veteres
524 1783 593 1842 olim
616 1784 758 1843 moneatis
782 1783 880 1842 amici:

110 1864 192 1924 Pone
216 1883 326 1941 seram,
352 1865 536 1944 1111111111-
546 1867 606 1928 Sed
620 1870 685 1948 quis
696 1867 841 1928 custodiet
867 1867 948 1944 ipsos

113 1945 280 2008 custodes?
306 1957 389 2009 cauta
416 1960 461 2010 est
483 1961 512 2012 et
534 1950 570 2011 ab
592 1952 650 2012 illis
674 1953 775 2030 incipit
799 1967 883 2010 uxor.

111 2032 230 2111 lamque
255 2033 356 2092 eadem
378 2037 495 2094 summis
516 2036 627 2113 pariter
645 2037 826 2112 minimisque
852 2033 952 2108 libido,

110 2115 176 2175 Nec
198 2116 318 2193 melior,
343 2116 456 2178 silicem
481 2119 604 2197 pedibus
628 2137 702 2198 quae
724 2119 850 2178 conterit
871 2126 971 2191 atrum,
1049 2127 1101 2180 350

111 2201 205 2273 Quam
229 2218 305 2280 quae
328 2201 481 2279 longorum
506 2202 620 2262 vehitur
641 2204 758 2262 cervice
780 2203 928 2277 Syrorum.

111 2283 151 2343 Ut
172 2294 289 2363 spectet
312 2285 414 2362 ludos,
444 2287 579 2347 conducit
602 2285 724 2364 Ogulnia
747 2296 870 2361 vestem,

112 2365 256 2429 Conducit
278 2371 416 2448 comitas,
440 2372 559 2446 sellam,
585 2371 728 2448 cervical,
754 2371 873 2444 amicas,

110 2450 261 2512 Nutricem
286 2463 315 2513 et
337 2455 457 2532 tlavam,
483 2457 528 2516 cui
553 2456 602 2515 det
624 2455 774 2528 mandata,
797 2454 934 2532 puellam.

109 2535 193 2595 llaec
214 2544 310 2596 tamen
331 2542 444 2616 argenti
466 2550 602 2618 superest
625 2540 828 2618 quodcumque
850 2539 963 2616 paterni
1049 2547 1099 2599 355

108 2619 237 2679 levibus
260 2620 375 2681 athletis
398 2633 428 2684 et
453 2641 523 2685 vasa
546 2626 703 2685 novissima
724 2624 821 2684 donat.

109 2703 208 2763 1111115
230 2721 280 2763 res
302 2715 423 2783 angusta
446 2707 539 2768 domi:
564 2709 617 2768 sed
638 2709 715 2768 nulla
742 2707 883 2786 pudorem

109 2787 294 2866 Paupertatis
316 2789 421 2867 hahet,
443 2809 499 2852 nec
521 2810 555 2851 se
576 2794 692 2852 metitur
714 2792 749 2852 ad
775 2791 865 2866 illurn,

110 2870 205 2944 Quem
226 2871 306 2932 dedit
325 2873 399 2933 haec
416 2877 572 2954 posuitque
593 2877 716 2936 modum.
745 2875 853 2934 Tamen
873 2872 942 2932 utile
966 2872 1032 2951 quid
1051 2873 1098 2946 sit,

108 2955 295 3034 Prospiciunt
317 2957 471 3036 aliquando
493 2961 562 3035 riri,
585 2959 735 3038 frigusque
757 2959 919 3034 famemque
1048 2963 1100 3018 360

107 3037 245 3100 Formica
266 3041 381 3101 tandem
405 3043 518 3121 quidam
539 3062 687 3122 expavere
708 3043 860 3120 magistra:

107 3123 236 3201 Prodiga
258 3141 317 3183 non
338 3128 426 3186 sentit
446 3136 616 3206 pereuntem
639 3128 743 3188 lamina
766 3144 899 3193 censum余

108 3207 155 3267 Ac
178 3208 263 3268 velut
285 3209 426 3270 exlrausta
449 3212 595 3271 redivivus
618 3212 742 3290 pullulet
763 3229 831 3272 arca

107 3290 248 3352 Nummus
271 3302 300 3353 et
324 3311 340 3352 e
363 3294 452 3373 plano
476 3295 594 3355 tollatur
617 3313 735 3375 semper
756 3312 877 3371 acervo,

106 3373 173 3435 Non
194 3395 329 3456 umquam
351 3388 503 3457 reputant,
526 3381 622 3458 quanti
644 3381 699 3439 sibi
721 3379 824 3457 gaudia
847 3386 989 3439 constent.
1047 3386 1097 3441 3115

152 3461 225 3521 Sunt
247 3480 320 3541 quas
345 3465 469 3524 eunuchi
493 3463 627 3524 imbelles
649 3483 683 3524 ac
706 3464 804 3524 mollia
827 3482 944 3542 semper
