2626 4006
212 212 254 274 82
541 222 577 268 n.
600 221 671 269 run.
693 219 879 267 ruvnnnnrs

213 365 252 425 Et
272 379 423 442 numquam
441 361 514 420 visis
536 361 652 438 triginta
676 359 753 420 clara
777 357 919 419 mamillis.
962 383 963 386 ¹

214 447 342 509 Tandem
363 447 448 506 intrat
467 445 578 523 positas
600 443 711 503 inclusa
732 461 786 522 per
807 459 937 521 aequora
958 443 1052 503 moles

214 531 452 609 Tyrrhenamque
472 527 585 608 pbaron
606 535 802 606 porrectaque
824 525 943 587 brachia
965 545 1088 602 rursum,

216 616 298 690 Quae
319 613 427 694 pelago
451 619 606 672 occurmnt
624 611 719 671 medio
742 611 891 690 longeque
912 610 1078 689 relinquunt

215 699 327 760 ltaliam
345 697 424 776 (non
447 693 600 773 sicigitur
618 694 763 754 mirabere
783 703 897 772 portus,

215 782 297 856 Quos
318 789 418 841 natura
439 779 555 859 dedit);
577 778 630 839 sed
651 788 752 838 trunca
774 795 873 856 puppe
893 777 1032 855 magister

214 865 356 927 Interiora
376 865 450 943 petit
470 862 594 926 Baianae
613 863 714 941 pervia
737 861 870 937 cymbae,

215 948 281 1010 Tuti
303 958 405 1026 stagna
427 947 522 1024 sinus,
544 946 671 1025 gaudent
692 944 740 1006 ubi
761 947 875 1005 vertice
897 962 964 1005 raso

216 1032 337 1093 Garrula
358 1031 455 1090 securi
477 1047 595 1091 narrare
612 1028 744 1109 pericula
765 1038 878 1089 nautae.

258 1115 301 1176 lte
320 1115 423 1192 igitur,
447 1114 549 1192 pueri,
570 1113 677 1190 linguis
699 1113 859 1192 animisque
881 1113 1025 1188 faventes,

217 1201 360 1277 Sertaque
383 1197 513 1258 delubris
535 1196 659 1258 etfama
682 1198 819 1275 imponite
840 1195 941 1257 cultris

217 1284 261 1343 Ac
282 1281 388 1342 molles
409 1290 510 1342 ornate
532 1282 616 1341 iocos
639 1280 814 1360 glebamque
836 1279 990 1340 virentem!

216 1366 276 1428 lam
297 1383 405 1445 sequar
428 1374 458 1426 et
480 1382 581 1441 sacro,
600 1365 678 1445 quod
700 1372 846 1443 praestat,
865 1364 920 1424 rita
941 1373 1062 1443 peracto

215 1451 285 1512 lnde
308 1451 423 1511 domum
445 1458 592 1528 repetam,
611 1448 738 1526 graciles
759 1447 809 1508 ubi
830 1465 920 1527 parua
943 1464 1068 1508 coronas

217 1534 372 1613 Accipiunt
392 1533 488 1611 fragili
510 1533 663 1594 simulacra
684 1532 803 1592 nitentia
822 1549 900 1592 cera.

215 1618 270 1678 llic
291 1627 419 1677 nostrum
440 1617 566 1696 placabo
586 1617 686 1677 lovem
707 1614 886 1694 Laribusque
908 1617 1037 1694 paternis

216 1702 292 1762 'l'ura
314 1701 389 1762 dabo
413 1709 499 1778 atque
522 1717 623 1760 omnes
644 1699 741 1760 violae
763 1699 878 1760 iactabo
900 1699 1027 1760 colores.

217 1782 328 1845 Cuncta
350 1784 455 1852 nitent;
474 1783 580 1861 longos
603 1785 698 1843 erexit
717 1784 800 1843 ianua
822 1800 919 1845 ramos

216 1868 254 1929 Et
275 1868 417 1928 matutinis
438 1875 576 1946 operatur
598 1865 674 1927 iesta
693 1867 831 1926 lucernis.

215 1950 280 2012 Nec
303 1959 440 2031 suspecta
461 1950 513 2010 tibi
535 1950 591 2010 sint
609 1948 699 2025 haec,
723 1947 865 2011 Corvine:
890 1948 1030 2027 Catullus,

215 2036 272 2095 Pro
294 2036 374 2095 cuius
396 2035 490 2095 reditu
512 2042 554 2094 tot
575 2051 653 2114 pono
677 2034 787 2109 altaria,
812 2052 920 2113 parvos
975 2099 978 2106 ,

217 2119 291 2180 Tres
313 2119 402 2180 babet
422 2118 559 2180 heredes.
604 2118 687 2179 Libet
709 2127 901 2196 exspectare,
926 2120 990 2198 quis
1008 2137 1127 2198 aegram
1171 2129 1206 2184 95
1302 2127 1303 2164 f

146 2240 149 2247 -
215 2202 254 2264 Et
275 2201 458 2264 claudentem
480 2203 583 2264 oculos
604 2203 740 2280 gallinam
760 2202 907 2280 impendat
927 2203 1020 2264 amico

216 2286 286 2348 Tam
303 2286 410 2354 sterili;
430 2304 531 2348 aerum
550 2286 625 2346 baec
645 2288 730 2347 nimra
752 2295 797 2346 est
817 2288 963 2365 impensa:
987 2287 1120 2348 coturnix

214 2369 302 2431 Nulla
321 2388 453 2449 umquam
474 2387 528 2448 pro
550 2379 633 2448 patre
653 2370 746 2431 cadet.
791 2369 906 2430 Sentire
928 2370 1057 2432 calorem

216 2454 247 2514 Si
267 2454 366 2532 coepit
387 2453 523 2532 locuples
546 2451 660 2515 Gallitta
682 2463 711 2513 et
732 2454 853 2514 l'accius
876 2454 950 2531 orbi,

215 2536 357 2614 Legitime
379 2537 445 2596 lixis
465 2538 588 2597 vestitur
611 2546 670 2597 tota
690 2537 799 2598 libellis
1070 2571 1074 2574 -
1154 2550 1206 2602 100

214 2620 366 2695 Porticus,
391 2621 533 2680 exsistunt
554 2621 603 2699 qui
626 2623 793 2700 promittant
814 2621 1023 2691 hecatomben;

216 2702 365 2776 Quatenus
386 2702 510 2764 hicnon
530 2713 594 2764 sunt
615 2723 672 2766 nec
693 2705 816 2766 venales
831 2705 995 2784 elephanti,

214 2784 279 2847 Nec
300 2786 380 2846 latio
404 2796 452 2848 aut
473 2806 593 2868 usquam
614 2789 668 2849 sub
689 2798 790 2850 nostro
817 2790 914 2850 sidere
936 2789 1002 2849 talis

214 2869 315 2932 Bellua
339 2873 517 2950 concipitur,
542 2873 594 2933 sed
616 2873 699 2934 iurva
718 2881 807 2950 gente
833 2874 925 2953 petita
1302 2923 1303 2930 ,

214 2954 378 3016 Arboribus
400 2955 512 3018 Rutulis
534 2966 564 3018 et
585 2955 672 3017 'l'urni
693 2959 823 3036 pasoitur
841 2973 924 3034 agro,
1154 2967 1204 3018 1⁰⁶
1302 3019 1303 3024 ,

216 3035 351 3098 Caesaris
373 3049 548 3114 armentum,
569 3037 641 3101 nulli
661 3042 772 3100 servire
795 3050 923 3118 paratum

214 3119 343 3188 Privato:
368 3124 510 3201 siquidem
532 3122 620 3199 'l'yrio
640 3142 745 3202 parere
769 3124 903 3184 solebant
956 3165 962 3176 .

214 3202 366 3264 Hannibali
388 3215 417 3265 et
434 3208 541 3266 nostris
563 3206 685 3268 ducibus
702 3208 826 3286 regique
847 3206 979 3267 Molosso

214 3285 321 3347 llorum
343 3289 469 3349 maiores
488 3308 524 3351 ao
546 3291 634 3351 dorso
658 3291 737 3351 ferre
761 3289 900 3351 cohortes

214 3369 329 3432 Partem
349 3370 474 3451 aliquam
492 3372 622 3453 bellique
644 3385 673 3435 et
696 3384 809 3436 euntem
829 3377 858 3435 in
876 3374 989 3454 proelia
1005 3384 1123 3434 turrem.
1154 3385 1204 3438 llo

213 3451 299 3514 Nulla
316 3455 404 3531 igitur
424 3473 505 3518 mora
525 3476 579 3536 per
599 3456 738 3535 Novium,
761 3476 842 3520 mora
863 3459 942 3520 nulla
961 3477 1016 3536 per
1033 3456 1161 3518 llistrum
