2600 4006
209 180 246 244 18
530 198 566 245 o.
589 200 660 246 run.
683 197 867 246 uuvunsuus

204 332 260 393 Dat
283 350 411 410 poenas,
433 344 549 395 noctem
568 337 674 412 patitur
694 334 817 408 lugentis
840 334 961 393 amicum
1073 363 1077 370 ·

204 415 339 493 Pelidae,
362 417 449 486 cubat
469 420 498 478 in
519 419 639 488 faciem,
661 432 729 474 mox
747 415 850 475 deinde
871 418 1000 494 supinus.
1082 441 1084 446 ·
1140 430 1194 484 250

204 497 284 576 llrgo
308 518 366 561 non
385 503 470 562 aliter
491 502 597 579 poterit
620 495 767 558 dormire?
798 498 973 571 Quibusdam

204 585 341 646 Somnum
364 587 428 646 rixa
448 584 532 644 lacit:
556 581 608 640 sed
628 583 757 659 quamvis
780 583 927 660 improbus
949 585 1029 644 annis

204 668 302 747 Atque
325 687 405 728 mero
427 668 543 727 fervens
565 673 648 724 cavet
670 665 763 740 huno,
786 683 872 744 quem
889 669 1015 738 ¹coccina
1036 668 1128 729 laena.

207 752 296 812 Vitari
312 752 390 812 iubet
411 759 440 809 et
460 749 592 808 comitum
615 747 801 825 longissimus
824 749 907 827 ordo,

203 835 323 895 llultum
344 843 497 913 praeterea
518 831 693 892 llammarum
715 842 744 892 et
765 850 857 893 aenea
880 833 1005 912 lampas;
1140 847 1191 900 aaa

203 919 269 994 lle,
295 935 380 996 quem
399 917 465 977 luna
488 914 564 974 solet
586 915 733 976 deducere
754 915 803 976 vel
822 916 913 976 breve
935 916 1031 977 lumen

204 1001 368 1075 candelae,
393 1001 472 1059 cuius
495 999 634 1077 dispenso
658 1009 686 1059 et
705 1009 837 1078 tempero
860 1000 948 1077 iilum,
1054 1071 1057 1078 Ι

205 1082 376 1145 Contemnit.
414 1081 540 1142 Miserae
564 1100 714 1159 cognosce
736 1086 885 1161 prooemia
908 1086 1000 1161 rixae,

204 1169 234 1228 Si
253 1169 316 1227 rixa
335 1177 396 1242 est,
419 1165 467 1225 ubi
489 1176 519 1225 tu
541 1165 657 1245 pulsas,
676 1184 733 1245 ego
755 1167 862 1246 vapulo
883 1176 1001 1228 tautum.

202 1252 265 1311 Stat
288 1260 388 1310 contra
411 1251 539 1329 starique
561 1249 655 1310 iubet:
678 1269 784 1328 parere
806 1265 931 1311 necesse
954 1261 1013 1321 est;
1141 1266 1194 1319 290

165 1363 167 1369 ·
202 1334 273 1395 Nam
296 1335 364 1412 quid
382 1351 474 1411 agas,
499 1351 584 1412 quum
606 1343 635 1394 te
657 1333 783 1394 furiosus
806 1343 893 1412 cogat
915 1344 944 1395 et
962 1335 1037 1395 idem

202 1413 338 1478 Fortior?
382 1416 464 1478 Unde
485 1413 592 1489 uenis?¹
608 1417 765 1488 exclamat;
790 1419 870 1478 ouius
893 1429 990 1495 aceto,

204 1500 291 1561 (luins
312 1501 424 1560 conche
448 1497 562 1562 tumes?
584 1503 648 1579 quis
670 1510 766 1561 tecum
786 1500 889 1561 sectile
911 1520 1028 1580 porrum

202 1586 290 1645 Sutor
313 1593 342 1644 et
362 1585 431 1645 elixi
453 1587 587 1645 vervecis
610 1584 691 1644 labra
715 1581 861 1645 comedit?

201 1668 249 1728 Nil
270 1668 338 1729 milri
361 1665 546 1747 respondes?
565 1677 613 1728 aut
635 1667 681 1727 dic
704 1677 751 1728 aut
773 1669 875 1746 accipe
898 1669 1022 1729 calcem!
1139 1681 1192 1736 aaa

201 1751 264 1811 lide
285 1751 334 1810 uhi
353 1747 512 1822 consistas;
535 1753 563 1810 iu
586 1769 642 1830 qua
664 1759 693 1810 te
716 1768 825 1830 quaero
846 1749 1086 1830 proseucha'l...

201 1835 308 1894 Dicere
329 1837 354 1894 si
374 1844 499 1914 temptes
520 1835 628 1918 aliquid
649 1836 792 1894 tacitusve
814 1837 949 1911 recedas,

201 1918 388 1979 'lautumdem
410 1929 470 1979 est:
495 1919 602 1979 ieriunt
623 1920 749 1997 pariter,
772 1919 934 1980 vadimonia
956 1919 1060 1981 delude

202 2001 268 2062 lrati
290 2003 412 2072 iaciuut;
433 2002 554 2063 libertas
577 2003 713 2081 pauperis
735 2002 809 2073 haec
831 2012 892 2063 est:
929 2025 932 2032 ·

201 2084 334 2146 Pulsatus
356 2095 442 2164 rogat
462 2096 491 2146 et
513 2087 617 2164 pugnis
640 2088 774 2146 concisus
792 2087 903 2162 adorat,
1137 2098 1192 2152 300

200 2168 238 2229 Ut
259 2169 347 2230 liceat
366 2172 467 2249 paucis
490 2188 553 2230 cum
573 2169 705 2231 dentibus
728 2170 793 2230 inde
815 2170 933 2229 reverti.

200 2251 263 2313 Nec
280 2263 375 2315 tamen
395 2253 470 2314 haec
492 2263 599 2314 tantum
619 2262 745 2322 metuam
767 2271 831 2313 nam
853 2254 901 2332 qui
922 2254 1032 2332 spoliet
1055 2263 1083 2315 te

200 2335 266 2396 Nou
288 2337 408 2412 deerit‚‘
421 2336 529 2397 clausis
551 2336 683 2396 domibus
704 2345 858 2415 postquam
880 2338 971 2415 omnis
992 2337 1097 2417 ultique

161 2459 163 2464 ,
201 2419 272 2480 Fixa
297 2415 447 2480 catenatae
470 2418 548 2480 siluit
570 2436 713 2497 compago
733 2419 882 2480 tabernae.

182 2501 345 2563 'Interdum
367 2513 397 2562 et
416 2504 496 2563 ierro
520 2502 630 2563 subitus
649 2512 800 2579 grassator
821 2505 879 2582 agit
901 2522 978 2564 rem:
1138 2516 1191 2568 300

201 2586 319 2645 Armato
343 2587 458 2664 quoties
480 2595 558 2648 tutae
577 2587 697 2646 custode
717 2594 851 2648 tenentur

200 2668 238 2728 Et
257 2669 406 2747 Pomptina
425 2670 509 2748 palus
530 2678 562 2738 ct
582 2669 737 2730 Gallinaria
758 2671 853 2749 pinus,
897 2746 901 2752 ⁵

201 2754 251 2814 Sic
274 2752 340 2812 inde
359 2753 415 2814 huo
438 2763 703 2833 omnes-tamquam
721 2754 757 2814 ad
776 2755 886 2814 vivaria
910 2763 1036 2820 currunt.
1098 2780 1101 2784 ·

202 2835 265 2909 Qua
285 2837 406 2898 fornace
428 2831 551 2914 graves,
573 2856 629 2917 qua
651 2853 709 2896 non
728 2839 832 2898 incude
851 2833 993 2898 catenae?

202 2919 340 2982 llaximus
364 2923 390 2980 in
411 2920 516 2981 vinclis
535 2922 605 2982 ferri
626 2921 744 2996 modus,
763 2931 794 2980 ut
814 2923 934 2995 timeas,
957 2938 994 2980 ne
1139 2931 1193 2986 310

183 3003 313 3064 Ι0700100
334 3005 465 3081 deliciet,
487 3023 524 3066 ue
541 3023 654 3066 marrae
677 3014 705 3063 et
726 3005 840 3065 sarcula
862 3003 965 3068 desint.

200 3085 317 3161 Felices
341 3106 515 3166 proavorum
538 3099 656 3163 atavos,
677 3088 776 3148 felicia
797 3088 876 3149 dicas
991 3132 994 3138 .

201 3172 326 3248 Secula,
351 3191 424 3250 quae
447 3174 590 3253 quondam
611 3171 662 3231 sub
683 3170 809 3248 regibus
823 3181 909 3249 atque
933 3171 1051 3231 tribunis

201 3255 342 3316 Viderunt
365 3274 421 3315 uno
444 3266 606 3317 contentam
629 3273 748 3315 carcere
773 3255 901 3315 Romam.
941 3267 943 3273 ·

211 3383 213 3387 ,
244 3339 294 3398 llis
315 3340 386 3400 alias
408 3349 539 3419 poteram
563 3349 591 3399 et
616 3339 716 3417 plures
737 3338 911 3398 subnectere
934 3355 1051 3398 causas:
1141 3347 1192 3402 315

202 3423 263 3484 Sed
284 3425 409 3483 iumenta
428 3432 550 3497 vocant,
575 3431 603 3482 et
624 3423 669 3482 sol
690 3422 820 3490 inclinat:
843 3421 969 3482 eundum·
988 3425 1043 3482 e'st.
