2626 4006
196 177 236 240 98
508 189 543 236 n.
566 188 638 236 mu.
659 188 846 236 lovennam

195 328 304 388 Oceani
325 335 452 388 monstra
476 336 506 388 et
526 329 647 387 iuvenes
670 326 780 386 vidisse
800 327 936 386 marinos.

194 412 259 472 Non
281 429 353 471 unus
376 420 487 471 mentes
509 411 599 488 agitat
625 410 721 470 furor:
741 409 791 470 ille
812 411 924 470 sororis

193 495 226 556 ln
247 494 376 555 manibus
398 494 479 555 vultu
499 493 687 555 Eumenidum
708 501 833 554 terretur
855 502 884 554 et
906 494 975 571 igni,

192 579 246 639 llic
268 579 345 639 bove
368 595 510 657 percusso
528 579 640 655 mugire
662 577 879 654 Agamemnona
903 577 996 638 credit

193 663 251 722 Aut
272 662 415 731 Ithacum
438 670 540 741 parcat
561 663 664 722 tunicis
688 660 757 721 licet
781 669 868 738 atque
892 660 1028 739 lacernis,

194 744 343 806 curatoris
367 754 452 824 eget,
482 747 531 825 qui
555 763 658 805 navem
681 743 827 805 mercibus
849 744 951 822 implet

192 830 238 890 Ad
261 848 398 890 summum
418 829 491 890 latus
514 839 543 890 et
564 828 661 888 tabula
680 829 865 906 distinguitur
887 826 972 904 undo,

193 913 286 987 Quum
308 914 345 973 sit
368 931 455 974 causa
481 913 548 974 mall
569 914 639 972 tanti
662 920 691 972 et
713 912 883 972 discriminis
909 911 992 972 huius

194 995 348 1057 (loncisum
371 1006 520 1074 argentum
542 998 571 1056 in
591 995 690 1056 titulos
715 994 868 1074 faciesque
892 996 1024 1056 minutas.

193 1079 354 1142 Occurrunt
376 1080 467 1140 nubes
490 1089 520 1140 et
541 1079 672 1158 fulgura:
705 1078 819 1139 Solvite
841 1079 949 1153 funem,

191 1163 337 1224 Frumenti
359 1164 491 1225 dominus
515 1163 619 1224 clamat
640 1163 788 1242 piperisve
813 1165 950 1241 coempti,

191 1246 238 1307 Nil
262 1248 346 1308 color
366 1248 413 1308 bic
436 1248 531 1323 coeli,
559 1248 599 1307 nil
624 1247 715 1308 inscia
735 1247 819 1324 nigra
843 1247 979 1314 minatur;

191 1331 341 1393 Aestivum
364 1340 453 1391 tonat.
478 1365 519 1378 -
550 1330 657 1392 lnielix
677 1329 733 1391 hac
755 1330 876 1391 forsitan
897 1331 960 1407 ipsa

190 1414 284 1475 Nocte
307 1415 384 1476 cadit
405 1415 506 1477 fractis
529 1415 674 1490 trabibus,
696 1414 842 1493 ductuque
865 1421 1014 1492 premetur

192 1496 317 1558 Obrutus
340 1507 369 1559 et
391 1516 493 1560 nonam
516 1499 600 1559 laeva
621 1515 777 1576 morsuque
800 1497 919 1558 tenebit.

191 1581 250 1642 Sed
272 1583 353 1642 ouius
376 1585 453 1643 votis
474 1583 560 1643 modo
585 1599 642 1642 nou
662 1583 819 1642 suffecerat
841 1598 950 1656 aurum,

191 1663 395 1744 Quod'l'agus
418 1674 448 1726 et
470 1667 556 1726 rutila
580 1666 673 1726 volvit
694 1665 831 1726 Pactolus
850 1681 947 1739 arena,

189 1746 306 1824 Frigida
328 1749 475 1809 sullicient
496 1749 628 1809 velantes
649 1750 763 1825 inguina
786 1749 872 1826 panni

189 1829 379 1911 Erigoneque
405 1833 504 1909 cibus,
526 1851 622 1893 mersa
646 1841 710 1892 rate
731 1832 888 1909 naufragus
913 1847 1008 1891 assem

189 1913 262 1973 Dum
288 1924 374 1993 rogat
396 1924 426 1975 et
447 1919 525 1995 picta
548 1934 581 1976 se
603 1924 777 1994 tempestate
799 1923 905 1975 tuetur.

231 1997 330 2058 Tantis
353 2009 435 2078 parta
458 2000 540 2060 malis
565 2019 634 2060 cura
656 2001 765 2060 maiore
789 2008 925 2077 metuque

189 2083 356 2143 Servantur.
383 2082 490 2144 llisera
513 2085 673 2161 estmagni
694 2083 825 2143 custodia
847 2079 968 2143 census!

188 2165 345 2245 Dispositis
369 2168 524 2245 praedives
546 2167 637 2229 bannis
659 2167 782 2244 vigilare
805 2166 956 2226 cohortem

189 2249 346 2309 Servorum
367 2259 455 2311 noctu
477 2248 591 2311 licinus
614 2250 709 2326 iubet,
733 2251 869 2310 attonitus
892 2264 945 2327 pro

187 2331 308 2393 Electro
331 2334 481 2411 signisque
507 2336 566 2393 suis
588 2334 772 2412 Phrygiaque
797 2333 929 2393 columna

187 2416 284 2494 Atque
307 2415 398 2476 ebore
423 2424 453 2476 et
476 2417 533 2477 lata
556 2417 709 2478 testudine.
744 2415 832 2476 Dolia
857 2416 924 2476 nudi

187 2498 252 2558 Non
275 2501 377 2561 ardent
400 2497 516 2576 Cynici;
541 2501 566 2559 si
587 2501 729 2578 fregeris,
753 2500 846 2560 altera
869 2500 919 2560 liet

189 2578 260 2642 Cras
284 2582 400 2659 domus,
425 2593 511 2662 atque
531 2583 632 2644 eadem
651 2583 769 2663 plumbo
786 2583 940 2644 commissa
956 2585 1093 2645 mauebit.
1122 2596 1178 2652 sto

188 2665 285 2724 Sensit
309 2666 492 2743 Alexander,
519 2676 595 2729 testa
616 2687 701 2748 quum
722 2668 793 2727 vidit
814 2669 843 2726 in
865 2667 915 2727 illa

186 2746 320 2826 blaguum
342 2750 550 2828 habitatorem,
575 2761 681 2831 quanto
706 2749 822 2811 lelicior
842 2751 906 2826 bio,
930 2754 977 2829 qui

186 2831 233 2892 Nil
257 2842 394 2911 cuperet,
418 2853 502 2914 quaro
527 2838 575 2915 qui
596 2845 686 2897 totum
709 2833 763 2893 sibi
785 2843 926 2913 posceret
951 2835 1062 2910 orbem,

186 2916 328 2977 Passurus
350 2921 442 2997 gestis
465 2920 615 3000 aequanda
637 2918 770 2998 pericula
791 2917 889 2978 rebus.

185 2999 302 3060 Nullum
323 3021 427 3063 numen
449 3003 550 3081 abest,
576 3005 601 3064 si
624 3005 661 3064 sit
683 3001 847 3082 prudentia:
874 3019 927 3063 nos
950 3011 990 3079 te,
1121 3013 1175 3067 315

186 3082 248 3143 Nos
272 3085 409 3163 lacimus,
431 3087 575 3164 Fortuna,
600 3088 692 3151 deam.
728 3083 863 3146 blensura
884 3094 979 3147 tamen
1001 3104 1075 3165 quae

186 3167 318 3228 Suiticiat
341 3189 462 3247 census,
488 3173 512 3230 si
535 3173 598 3249 quis
621 3189 667 3231 me
694 3169 843 3244 consulat,
864 3170 962 3230 edam:

185 3249 218 3312 ln
241 3261 375 3330 quantum
398 3255 460 3312 sitis
483 3263 569 3332 atque
594 3255 686 3314 iames
711 3259 740 3312 et
764 3252 874 3329 lrigora
894 3262 1028 3330 poscunt,

187 3333 343 3412 Quantum,
365 3335 510 3414 Epicure,
532 3337 584 3396 tibi
606 3340 703 3417 parvis
726 3336 841 3396 sullecit
862 3336 890 3395 in
914 3335 1015 3412 bortis,

187 3414 328 3488 Quantum
352 3419 495 3478 Socratici
521 3431 659 3502 ceperunt
681 3427 748 3481 ante
771 3428 902 3498 penates.
1118 3429 1171 3484 32⁰
