<?xml version="1.0" encoding="UTF-8"?>
<!DOCTYPE html PUBLIC "-//W3C//DTD XHTML 1.0 Transitional//EN"
    "http://www.w3.org/TR/xhtml1/DTD/xhtml1-transitional.dtd">
<html xmlns="http://www.w3.org/1999/xhtml" xml:lang="en" lang="en">
 <head>
  <title>
</title>
<meta http-equiv="Content-Type" content="text/html;charset=utf-8" />
  <meta name='ocr-system' content='tesseract 3.04.00' />
  <meta name='ocr-capabilities' content='ocr_page ocr_carea ocr_par ocr_line ocrx_word'/>
</head>
<body>
  <div class='ocr_page' id='page_1' title='image "./satirarumlibriq03juvegoog_0055.png"; bbox 0 0 2600 4006; ppageno 0'>
   <div class='ocr_carea' id='block_1_1' title="bbox 187 215 848 277">
    <p class='ocr_par' dir='ltr' id='par_1_1' title="bbox 187 215 848 277">
     <span class='ocr_line' id='line_1_1' title="bbox 187 215 848 277; baseline -0.012 0"><span class='ocrx_word' id='word_1_1' title='bbox 187 215 224 277; x_wconf 81' lang='lat'><strong>12</strong></span> <span class='ocrx_word' id='word_1_2' title='bbox 508 227 543 273; x_wconf 85' lang='lat' dir='ltr'><strong>n.</strong></span> <span class='ocrx_word' id='word_1_3' title='bbox 567 225 639 272; x_wconf 81' lang='lat' dir='ltr'><strong>runt.</strong></span> <span class='ocrx_word' id='word_1_4' title='bbox 661 223 848 272; x_wconf 70' lang='lat' dir='ltr'><strong>unvunands</strong></span> 
     </span>
    </p>
   </div>
   <div class='ocr_carea' id='block_1_2' title="bbox 182 362 1298 3209">
    <p class='ocr_par' dir='ltr' id='par_1_2' title="bbox 183 362 1172 946">
     <span class='ocr_line' id='line_1_2' title="bbox 184 362 987 444; baseline -0.006 -17"><span class='ocrx_word' id='word_1_5' title='bbox 184 367 231 428; x_wconf 85' lang='lat' dir='ltr'><strong>Nil</strong></span> <span class='ocrx_word' id='word_1_6' title='bbox 251 367 303 427; x_wconf 92' lang='lat' dir='ltr'><strong>tibi</strong></span> <span class='ocrx_word' id='word_1_7' title='bbox 324 385 357 426; x_wconf 90' lang='lat' dir='ltr'><strong>se</strong></span> <span class='ocrx_word' id='word_1_8' title='bbox 378 365 489 427; x_wconf 89' lang='lat' dir='ltr'><strong>debere</strong></span> <span class='ocrx_word' id='word_1_9' title='bbox 510 373 610 444; x_wconf 87' lang='lat' dir='ltr'><strong>putat,</strong></span> <span class='ocrx_word' id='word_1_10' title='bbox 632 362 672 423; x_wconf 93' lang='lat' dir='ltr'><strong>nil</strong></span> <span class='ocrx_word' id='word_1_11' title='bbox 695 363 828 423; x_wconf 79' lang='lat' dir='ltr'><strong>conferet</strong></span> <span class='ocrx_word' id='word_1_12' title='bbox 845 379 987 440; x_wconf 89' lang='lat' dir='ltr'><strong>umquam,</strong></span> 
     </span>
     <span class='ocr_line' id='line_1_3' title="bbox 184 446 850 529; baseline -0.009 -18"><span class='ocrx_word' id='word_1_13' title='bbox 184 452 356 529; x_wconf 86' lang='lat' dir='ltr'><strong>Participcm</strong></span> <span class='ocrx_word' id='word_1_14' title='bbox 380 451 476 528; x_wconf 91' lang='lat' dir='ltr'><strong>quite</strong></span> <span class='ocrx_word' id='word_1_15' title='bbox 498 450 607 509; x_wconf 79' lang='lat' dir='ltr'><strong>secreti</strong></span> <span class='ocrx_word' id='word_1_16' title='bbox 626 448 697 507; x_wconf 88' lang='lat' dir='ltr'><strong>iecit</strong></span> <span class='ocrx_word' id='word_1_17' title='bbox 719 446 850 516; x_wconf 88' lang='lat' dir='ltr'><strong>bonesti;</strong></span> 
     </span>
     <span class='ocr_line' id='line_1_4' title="bbox 185 529 1003 611; baseline -0.006 -16"><span class='ocrx_word' id='word_1_18' title='bbox 185 532 277 595; x_wconf 78' lang='lat' dir='ltr'><strong>Carus</strong></span> <span class='ocrx_word' id='word_1_19' title='bbox 296 535 350 594; x_wconf 90' lang='lat' dir='ltr'><strong>erit</strong></span> <span class='ocrx_word' id='word_1_20' title='bbox 370 533 473 609; x_wconf 89' lang='lat' dir='ltr'><strong>Verri,</strong></span> <span class='ocrx_word' id='word_1_21' title='bbox 494 533 542 611; x_wconf 92' lang='lat' dir='ltr'><strong>qui</strong></span> <span class='ocrx_word' id='word_1_22' title='bbox 563 531 686 591; x_wconf 84' lang='lat' dir='ltr'><strong>Verrem</strong></span> <span class='ocrx_word' id='word_1_23' title='bbox 707 539 839 609; x_wconf 88' lang='lat' dir='ltr'><strong>tempore</strong></span> <span class='ocrx_word' id='word_1_24' title='bbox 863 547 919 609; x_wconf 95' lang='lat' dir='ltr'><strong>quo</strong></span> <span class='ocrx_word' id='word_1_25' title='bbox 942 529 1003 590; x_wconf 81' lang='lat' dir='ltr'><strong>vult</strong></span> 
     </span>
     <span class='ocr_line' id='line_1_5' title="bbox 185 614 888 696; baseline -0.007 -19"><span class='ocrx_word' id='word_1_26' title='bbox 185 617 333 679; x_wconf 89' lang='lat' dir='ltr'><strong>Accusare</strong></span> <span class='ocrx_word' id='word_1_27' title='bbox 352 625 459 696; x_wconf 87' lang='lat' dir='ltr'><strong>potest.</strong></span> <span class='ocrx_word' id='word_1_28' title='bbox 497 615 579 676; x_wconf 86' lang='lat' dir='ltr'><strong>Tanti</strong></span> <span class='ocrx_word' id='word_1_29' title='bbox 596 614 647 675; x_wconf 94' lang='lat' dir='ltr'><strong>tibi</strong></span> <span class='ocrx_word' id='word_1_30' title='bbox 668 632 725 674; x_wconf 96' lang='lat' dir='ltr'><strong>non</strong></span> <span class='ocrx_word' id='word_1_31' title='bbox 745 615 782 674; x_wconf 92' lang='lat' dir='ltr'><strong>sit</strong></span> <span class='ocrx_word' id='word_1_32' title='bbox 802 615 888 693; x_wconf 88' lang='lat' dir='ltr'><strong>opaci</strong></span> 
     </span>
     <span class='ocr_line' id='line_1_6' title="bbox 184 699 1172 779; baseline 0.001 -19"><span class='ocrx_word' id='word_1_33' title='bbox 184 701 282 762; x_wconf 87' lang='lat' dir='ltr'><strong>Omnis</strong></span> <span class='ocrx_word' id='word_1_34' title='bbox 302 719 391 761; x_wconf 86' lang='lat' dir='ltr'><strong>arena</strong></span> <span class='ocrx_word' id='word_1_35' title='bbox 413 700 485 778; x_wconf 78' lang='lat' dir='ltr'><strong>Tagi</strong></span> <span class='ocrx_word' id='word_1_36' title='bbox 504 699 640 779; x_wconf 91' lang='lat' dir='ltr'><strong>quodque</strong></span> <span class='ocrx_word' id='word_1_37' title='bbox 662 701 690 758; x_wconf 94' lang='lat' dir='ltr'><strong>in</strong></span> <span class='ocrx_word' id='word_1_38' title='bbox 707 716 786 759; x_wconf 90' lang='lat' dir='ltr'><strong>mare</strong></span> <span class='ocrx_word' id='word_1_39' title='bbox 804 699 930 759; x_wconf 85' lang='lat' dir='ltr'><strong>volvitur</strong></span> <span class='ocrx_word' id='word_1_40' title='bbox 951 716 1059 772; x_wconf 90' lang='lat' dir='ltr'><strong>aurum,</strong></span> <span class='ocrx_word' id='word_1_41' title='bbox 1135 711 1172 761; x_wconf 94' lang='grc'><strong>55</strong></span> 
     </span>
     <span class='ocr_line' id='line_1_7' title="bbox 183 784 947 862; baseline -0.005 -17"><span class='ocrx_word' id='word_1_42' title='bbox 183 785 220 846; x_wconf 90' lang='lat' dir='ltr'><strong>Ut</strong></span> <span class='ocrx_word' id='word_1_43' title='bbox 240 802 341 845; x_wconf 88' lang='lat' dir='ltr'><strong>somno</strong></span> <span class='ocrx_word' id='word_1_44' title='bbox 363 802 466 845; x_wconf 86' lang='lat' dir='ltr'><strong>careas</strong></span> <span class='ocrx_word' id='word_1_45' title='bbox 488 784 681 862; x_wconf 83' lang='lat' dir='ltr'><strong>ponendaque</strong></span> <span class='ocrx_word' id='word_1_46' title='bbox 701 784 830 862; x_wconf 86' lang='lat' dir='ltr'><strong>praemia</strong></span> <span class='ocrx_word' id='word_1_47' title='bbox 851 800 947 842; x_wconf 91' lang='lat' dir='ltr'><strong>sumas</strong></span> 
     </span>
     <span class='ocr_line' id='line_1_8' title="bbox 183 868 906 946; baseline -0.007 -16"><span class='ocrx_word' id='word_1_48' title='bbox 183 868 285 930; x_wconf 90' lang='lat' dir='ltr'><strong>Tristis</strong></span> <span class='ocrx_word' id='word_1_49' title='bbox 307 876 337 928; x_wconf 89' lang='lat' dir='ltr'><strong>et</strong></span> <span class='ocrx_word' id='word_1_50' title='bbox 357 887 373 929; x_wconf 99' lang='lat' dir='ltr'><strong>a</strong></span> <span class='ocrx_word' id='word_1_51' title='bbox 391 884 495 945; x_wconf 78' lang='lat' dir='ltr'><strong>magno</strong></span> <span class='ocrx_word' id='word_1_52' title='bbox 518 885 635 946; x_wconf 85' lang='lat' dir='ltr'><strong>semper</strong></span> <span class='ocrx_word' id='word_1_53' title='bbox 655 868 782 929; x_wconf 89' lang='lat' dir='ltr'><strong>timearis</strong></span> <span class='ocrx_word' id='word_1_54' title='bbox 804 868 906 928; x_wconf 90' lang='lat' dir='ltr'><strong>amico.</strong></span> 
     </span>
    </p>

    <p class='ocr_par' dir='ltr' id='par_1_3' title="bbox 182 951 1298 3209">
     <span class='ocr_line' id='line_1_9' title="bbox 226 951 1016 1030; baseline -0.008 -17"><span class='ocrx_word' id='word_1_55' title='bbox 226 953 308 1028; x_wconf 83' lang='lat' dir='ltr'><strong>Quae</strong></span> <span class='ocrx_word' id='word_1_56' title='bbox 330 970 405 1012; x_wconf 91' lang='lat' dir='ltr'><strong>nunc</strong></span> <span class='ocrx_word' id='word_1_57' title='bbox 427 951 560 1012; x_wconf 83' lang='lat' dir='ltr'><strong>divitibus</strong></span> <span class='ocrx_word' id='word_1_58' title='bbox 580 969 655 1029; x_wconf 76' lang='lat' dir='ltr'><strong>gens</strong></span> <span class='ocrx_word' id='word_1_59' title='bbox 675 952 878 1030; x_wconf 89' lang='lat' dir='ltr'><strong>acceptissima</strong></span> <span class='ocrx_word' id='word_1_60' title='bbox 898 951 1016 1024; x_wconf 92' lang='lat' dir='ltr'><strong>nostris,</strong></span> 
     </span>
     <span class='ocr_line' id='line_1_10' title="bbox 184 1034 950 1115; baseline -0.007 -17"><span class='ocrx_word' id='word_1_61' title='bbox 184 1037 220 1099; x_wconf 81' lang='lat' dir='ltr'><strong>ttt</strong></span> <span class='ocrx_word' id='word_1_62' title='bbox 242 1053 315 1115; x_wconf 91' lang='lat' dir='ltr'><strong>quos</strong></span> <span class='ocrx_word' id='word_1_63' title='bbox 337 1037 496 1114; x_wconf 87' lang='lat' dir='ltr'><strong>praecipue</strong></span> <span class='ocrx_word' id='word_1_64' title='bbox 519 1036 641 1112; x_wconf 76' lang='lat' dir='ltr'><strong>ingiam,</strong></span> <span class='ocrx_word' id='word_1_65' title='bbox 663 1034 831 1114; x_wconf 77' lang='lat' dir='ltr'><strong>properabo</strong></span> <span class='ocrx_word' id='word_1_66' title='bbox 854 1034 950 1109; x_wconf 89' lang='lat' dir='ltr'><strong>lateri,</strong></span> 
     </span>
     <span class='ocr_line' id='line_1_11' title="bbox 182 1116 1174 1199; baseline -0.001 -19"><span class='ocrx_word' id='word_1_67' title='bbox 182 1120 247 1180; x_wconf 86' lang='lat' dir='ltr'><strong>Nec</strong></span> <span class='ocrx_word' id='word_1_68' title='bbox 269 1120 363 1199; x_wconf 92' lang='lat' dir='ltr'><strong>pudor</strong></span> <span class='ocrx_word' id='word_1_69' title='bbox 386 1118 520 1179; x_wconf 79' lang='lat' dir='ltr'><strong>obstabit.</strong></span> <span class='ocrx_word' id='word_1_70' title='bbox 566 1116 631 1178; x_wconf 85' lang='lat' dir='ltr'><strong>Non</strong></span> <span class='ocrx_word' id='word_1_71' title='bbox 652 1136 769 1197; x_wconf 92' lang='lat' dir='ltr'><strong>possum</strong></span> <span class='ocrx_word' id='word_1_72' title='bbox 790 1119 890 1195; x_wconf 88' lang='lat' dir='ltr'><strong>lerre,</strong></span> <span class='ocrx_word' id='word_1_73' title='bbox 914 1116 1053 1191; x_wconf 84' lang='lat' dir='ltr'><strong>Quirites,</strong></span> <span class='ocrx_word' id='word_1_74' title='bbox 1136 1125 1174 1179; x_wconf 85' lang='lat'><strong>60</strong></span> 
     </span>
     <span class='ocr_line' id='line_1_12' title="bbox 185 1197 1211 1282; baseline -0.009 -16"><span class='ocrx_word' id='word_1_75' title='bbox 185 1203 325 1266; x_wconf 79' lang='lat' dir='ltr'><strong>Graecam</strong></span> <span class='ocrx_word' id='word_1_76' title='bbox 345 1202 461 1277; x_wconf 90' lang='lat' dir='ltr'><strong>urbem;</strong></span> <span class='ocrx_word' id='word_1_77' title='bbox 485 1205 614 1281; x_wconf 82' lang='lat' dir='ltr'><strong>quamvis</strong></span> <span class='ocrx_word' id='word_1_78' title='bbox 638 1213 725 1281; x_wconf 90' lang='lat' dir='ltr'><strong>quota</strong></span> <span class='ocrx_word' id='word_1_79' title='bbox 746 1205 842 1282; x_wconf 90' lang='lat' dir='ltr'><strong>portio</strong></span> <span class='ocrx_word' id='word_1_80' title='bbox 864 1203 957 1262; x_wconf 89' lang='lat' dir='ltr'><strong>iaecis</strong></span> <span class='ocrx_word' id='word_1_81' title='bbox 980 1197 1113 1260; x_wconf 80' lang='lat' dir='ltr'><strong>Achaei?</strong></span> <span class='ocrx_word' id='word_1_82' title='bbox 1207 1217 1211 1227; x_wconf 83' lang='lat'><strong>·</strong></span> 
     </span>
     <span class='ocr_line' id='line_1_13' title="bbox 184 1285 980 1365; baseline -0.005 -17"><span class='ocrx_word' id='word_1_83' title='bbox 184 1287 242 1349; x_wconf 88' lang='lat' dir='ltr'><strong>lam</strong></span> <span class='ocrx_word' id='word_1_84' title='bbox 263 1286 375 1365; x_wconf 86' lang='lat' dir='ltr'><strong>pridem</strong></span> <span class='ocrx_word' id='word_1_85' title='bbox 397 1287 488 1363; x_wconf 73' lang='lat' dir='ltr'><strong>Syrus</strong></span> <span class='ocrx_word' id='word_1_86' title='bbox 509 1289 537 1345; x_wconf 94' lang='lat' dir='ltr'><strong>in</strong></span> <span class='ocrx_word' id='word_1_87' title='bbox 555 1285 681 1346; x_wconf 86' lang='lat' dir='ltr'><strong>Tiberim</strong></span> <span class='ocrx_word' id='word_1_88' title='bbox 703 1287 822 1348; x_wconf 87' lang='lat' dir='ltr'><strong>deduxit</strong></span> <span class='ocrx_word' id='word_1_89' title='bbox 843 1286 980 1362; x_wconf 87' lang='lat' dir='ltr'><strong>Orontes,</strong></span> 
     </span>
     <span class='ocr_line' id='line_1_14' title="bbox 183 1370 960 1449; baseline -0.005 -17"><span class='ocrx_word' id='word_1_90' title='bbox 183 1371 367 1449; x_wconf 72' lang='lat' dir='ltr'><strong>delinguam</strong></span> <span class='ocrx_word' id='word_1_91' title='bbox 390 1380 419 1430; x_wconf 91' lang='lat' dir='ltr'><strong>et</strong></span> <span class='ocrx_word' id='word_1_92' title='bbox 440 1387 538 1430; x_wconf 90' lang='lat' dir='ltr'><strong>mores</strong></span> <span class='ocrx_word' id='word_1_93' title='bbox 561 1380 591 1430; x_wconf 92' lang='lat' dir='ltr'><strong>et</strong></span> <span class='ocrx_word' id='word_1_94' title='bbox 613 1389 675 1431; x_wconf 90' lang='lat' dir='ltr'><strong>cum</strong></span> <span class='ocrx_word' id='word_1_95' title='bbox 697 1371 816 1431; x_wconf 88' lang='lat' dir='ltr'><strong>tibicine</strong></span> <span class='ocrx_word' id='word_1_96' title='bbox 835 1370 960 1431; x_wconf 90' lang='lat' dir='ltr'><strong>chordas</strong></span> 
     </span>
     <span class='ocr_line' id='line_1_15' title="bbox 184 1453 888 1534; baseline -0.003 -19"><span class='ocrx_word' id='word_1_97' title='bbox 184 1453 322 1534; x_wconf 86' lang='lat' dir='ltr'><strong>Obliquas</strong></span> <span class='ocrx_word' id='word_1_98' title='bbox 341 1472 398 1514; x_wconf 90' lang='lat' dir='ltr'><strong>nec</strong></span> <span class='ocrx_word' id='word_1_99' title='bbox 417 1473 474 1514; x_wconf 95' lang='lat' dir='ltr'><strong>non</strong></span> <span class='ocrx_word' id='word_1_100' title='bbox 492 1455 613 1532; x_wconf 78' lang='lat' dir='ltr'><strong>gentilia</strong></span> <span class='ocrx_word' id='word_1_101' title='bbox 633 1464 767 1534; x_wconf 75' lang='lat' dir='ltr'><strong>tympana</strong></span> <span class='ocrx_word' id='word_1_102' title='bbox 790 1473 888 1515; x_wconf 89' lang='lat' dir='ltr'><strong>secum</strong></span> 
     </span>
     <span class='ocr_line' id='line_1_16' title="bbox 187 1537 1175 1618; baseline 0 -21"><span class='ocrx_word' id='word_1_103' title='bbox 187 1539 271 1599; x_wconf 85' lang='lat' dir='ltr'><strong>Vexit</strong></span> <span class='ocrx_word' id='word_1_104' title='bbox 293 1546 322 1598; x_wconf 88' lang='lat' dir='ltr'><strong>et</strong></span> <span class='ocrx_word' id='word_1_105' title='bbox 341 1538 377 1598; x_wconf 90' lang='lat' dir='ltr'><strong>ad</strong></span> <span class='ocrx_word' id='word_1_106' title='bbox 401 1540 507 1598; x_wconf 89' lang='lat' dir='ltr'><strong>circum</strong></span> <span class='ocrx_word' id='word_1_107' title='bbox 530 1539 623 1599; x_wconf 86' lang='lat' dir='ltr'><strong>iussas</strong></span> <span class='ocrx_word' id='word_1_108' title='bbox 644 1548 778 1618; x_wconf 86' lang='lat' dir='ltr'><strong>prostare</strong></span> <span class='ocrx_word' id='word_1_109' title='bbox 800 1537 924 1617; x_wconf 87' lang='lat' dir='ltr'><strong>puellas.</strong></span> <span class='ocrx_word' id='word_1_110' title='bbox 1138 1545 1175 1598; x_wconf 85' lang='grc'><strong>65</strong></span> 
     </span>
     <span class='ocr_line' id='line_1_17' title="bbox 182 1621 991 1702; baseline -0.004 -19"><span class='ocrx_word' id='word_1_111' title='bbox 182 1622 242 1697; x_wconf 92' lang='lat' dir='ltr'><strong>lte,</strong></span> <span class='ocrx_word' id='word_1_112' title='bbox 265 1622 369 1701; x_wconf 92' lang='lat' dir='ltr'><strong>quibus</strong></span> <span class='ocrx_word' id='word_1_113' title='bbox 391 1631 472 1700; x_wconf 80' lang='lat' dir='ltr'><strong>grata</strong></span> <span class='ocrx_word' id='word_1_114' title='bbox 497 1632 542 1682; x_wconf 90' lang='lat' dir='ltr'><strong>est</strong></span> <span class='ocrx_word' id='word_1_115' title='bbox 563 1623 641 1702; x_wconf 92' lang='lat' dir='ltr'><strong>picta</strong></span> <span class='ocrx_word' id='word_1_116' title='bbox 664 1623 731 1702; x_wconf 91' lang='lat' dir='ltr'><strong>lupa</strong></span> <span class='ocrx_word' id='word_1_117' title='bbox 752 1622 874 1683; x_wconf 88' lang='lat' dir='ltr'><strong>barbara</strong></span> <span class='ocrx_word' id='word_1_118' title='bbox 894 1621 991 1681; x_wconf 88' lang='lat' dir='ltr'><strong>mitra!</strong></span> 
     </span>
     <span class='ocr_line' id='line_1_18' title="bbox 183 1704 975 1784; baseline 0 -20"><span class='ocrx_word' id='word_1_119' title='bbox 183 1704 319 1766; x_wconf 79' lang='lat' dir='ltr'><strong>Rusticus</strong></span> <span class='ocrx_word' id='word_1_120' title='bbox 341 1704 391 1765; x_wconf 90' lang='lat' dir='ltr'><strong>ille</strong></span> <span class='ocrx_word' id='word_1_121' title='bbox 414 1715 479 1764; x_wconf 88' lang='lat' dir='ltr'><strong>tuus</strong></span> <span class='ocrx_word' id='word_1_122' title='bbox 502 1708 585 1765; x_wconf 92' lang='lat' dir='ltr'><strong>sumit</strong></span> <span class='ocrx_word' id='word_1_123' title='bbox 606 1706 815 1784; x_wconf 90' lang='lat' dir='ltr'><strong>trecbedipna,</strong></span> <span class='ocrx_word' id='word_1_124' title='bbox 840 1705 975 1781; x_wconf 83' lang='lat' dir='ltr'><strong>Quirine,</strong></span> 
     </span>
     <span class='ocr_line' id='line_1_19' title="bbox 184 1787 776 1850; baseline -0.003 -1"><span class='ocrx_word' id='word_1_125' title='bbox 184 1787 221 1849; x_wconf 78' lang='lat' dir='ltr'><strong>lit</strong></span> <span class='ocrx_word' id='word_1_126' title='bbox 243 1789 419 1849; x_wconf 85' lang='lat' dir='ltr'><strong>ceromatico</strong></span> <span class='ocrx_word' id='word_1_127' title='bbox 440 1789 499 1849; x_wconf 87' lang='lat' dir='ltr'><strong>lert</strong></span> <span class='ocrx_word' id='word_1_128' title='bbox 520 1790 659 1850; x_wconf 90' lang='lat' dir='ltr'><strong>niceteria</strong></span> <span class='ocrx_word' id='word_1_129' title='bbox 681 1789 776 1849; x_wconf 93' lang='lat' dir='ltr'><strong>collo!</strong></span> 
     </span>
     <span class='ocr_line' id='line_1_20' title="bbox 184 1871 1298 1949; baseline -0.001 -16"><span class='ocrx_word' id='word_1_130' title='bbox 184 1871 237 1933; x_wconf 89' lang='lat' dir='ltr'><strong>llio</strong></span> <span class='ocrx_word' id='word_1_131' title='bbox 259 1871 316 1933; x_wconf 90' lang='lat' dir='ltr'><strong>alta</strong></span> <span class='ocrx_word' id='word_1_132' title='bbox 335 1873 478 1949; x_wconf 72' lang='lat' dir='ltr'><strong>Sicyone,</strong></span> <span class='ocrx_word' id='word_1_133' title='bbox 502 1881 547 1934; x_wconf 87' lang='lat' dir='ltr'><strong>ast</strong></span> <span class='ocrx_word' id='word_1_134' title='bbox 564 1872 612 1933; x_wconf 92' lang='lat' dir='ltr'><strong>hic</strong></span> <span class='ocrx_word' id='word_1_135' title='bbox 634 1874 786 1948; x_wconf 72' lang='lat' dir='ltr'><strong>Amydone</strong></span> <span class='ocrx_word' id='word_1_136' title='bbox 807 1873 924 1947; x_wconf 89' lang='lat' dir='ltr'><strong>relicta,</strong></span> <span class='ocrx_word' id='word_1_137' title='bbox 1297 1897 1298 1910; x_wconf 51' lang='lat'><em>*</em></span> 
     </span>
     <span class='ocr_line' id='line_1_21' title="bbox 184 1954 1298 2036; baseline 0.002 -20"><span class='ocrx_word' id='word_1_138' title='bbox 184 1954 237 2016; x_wconf 85' lang='lat' dir='ltr'><strong>llic</strong></span> <span class='ocrx_word' id='word_1_139' title='bbox 258 1955 376 2031; x_wconf 81' lang='lat' dir='ltr'><strong>Andro,</strong></span> <span class='ocrx_word' id='word_1_140' title='bbox 401 1956 451 2016; x_wconf 90' lang='lat' dir='ltr'><strong>ille</strong></span> <span class='ocrx_word' id='word_1_141' title='bbox 473 1956 575 2034; x_wconf 91' lang='lat' dir='ltr'><strong>Samo,</strong></span> <span class='ocrx_word' id='word_1_142' title='bbox 599 1957 647 2018; x_wconf 88' lang='lat' dir='ltr'><strong>hic</strong></span> <span class='ocrx_word' id='word_1_143' title='bbox 671 1956 815 2017; x_wconf 87' lang='lat' dir='ltr'><strong>Trallibus</strong></span> <span class='ocrx_word' id='word_1_144' title='bbox 837 1966 885 2017; x_wconf 89' lang='lat' dir='ltr'><strong>aut</strong></span> <span class='ocrx_word' id='word_1_145' title='bbox 902 1957 1072 2031; x_wconf 78' lang='lat' dir='ltr'><strong>Alabandis,</strong></span> <span class='ocrx_word' id='word_1_146' title='bbox 1098 1961 1100 1964; x_wconf 82' lang='grc'><strong>’</strong></span> <span class='ocrx_word' id='word_1_147' title='bbox 1139 1964 1175 2018; x_wconf 86' lang='grc'><strong>70</strong></span> <span class='ocrx_word' id='word_1_148' title='bbox 1297 2009 1298 2036; x_wconf 71' lang='lat'><strong>,</strong></span> 
     </span>
     <span class='ocr_line' id='line_1_22' title="bbox 184 2039 938 2119; baseline 0 -19"><span class='ocrx_word' id='word_1_149' title='bbox 184 2039 330 2118; x_wconf 76' lang='lat' dir='ltr'><strong>Esquilias</strong></span> <span class='ocrx_word' id='word_1_150' title='bbox 350 2039 514 2119; x_wconf 89' lang='lat' dir='ltr'><strong>dictumque</strong></span> <span class='ocrx_word' id='word_1_151' title='bbox 537 2050 637 2119; x_wconf 91' lang='lat' dir='ltr'><strong>petunt</strong></span> <span class='ocrx_word' id='word_1_152' title='bbox 654 2059 671 2101; x_wconf 90' lang='lat' dir='ltr'><strong>a</strong></span> <span class='ocrx_word' id='word_1_153' title='bbox 691 2042 797 2101; x_wconf 88' lang='lat' dir='ltr'><strong>uimine</strong></span> <span class='ocrx_word' id='word_1_154' title='bbox 821 2040 938 2116; x_wconf 88' lang='lat' dir='ltr'><strong>collem,</strong></span> 
     </span>
     <span class='ocr_line' id='line_1_23' title="bbox 184 2122 952 2205; baseline 0.004 -25"><span class='ocrx_word' id='word_1_155' title='bbox 184 2122 305 2184; x_wconf 86' lang='lat' dir='ltr'><strong>Viscera</strong></span> <span class='ocrx_word' id='word_1_156' title='bbox 324 2142 490 2201; x_wconf 77' lang='lat' dir='ltr'><strong>magnarum</strong></span> <span class='ocrx_word' id='word_1_157' title='bbox 513 2125 646 2186; x_wconf 91' lang='lat' dir='ltr'><strong>domuum</strong></span> <span class='ocrx_word' id='word_1_158' title='bbox 668 2125 833 2205; x_wconf 81' lang='lat' dir='ltr'><strong>dqminique</strong></span> <span class='ocrx_word' id='word_1_159' title='bbox 855 2124 952 2184; x_wconf 89' lang='lat' dir='ltr'><strong>iuturi.</strong></span> 
     </span>
     <span class='ocr_line' id='line_1_24' title="bbox 184 2205 870 2288; baseline 0.001 -20"><span class='ocrx_word' id='word_1_160' title='bbox 184 2205 333 2285; x_wconf 77' lang='lat' dir='ltr'><strong>Ingenium</strong></span> <span class='ocrx_word' id='word_1_161' title='bbox 353 2207 460 2285; x_wconf 86' lang='lat' dir='ltr'><strong>velox,</strong></span> <span class='ocrx_word' id='word_1_162' title='bbox 483 2209 603 2270; x_wconf 89' lang='lat' dir='ltr'><strong>audacia</strong></span> <span class='ocrx_word' id='word_1_163' title='bbox 625 2210 753 2288; x_wconf 88' lang='lat' dir='ltr'><strong>perdita,</strong></span> <span class='ocrx_word' id='word_1_164' title='bbox 774 2227 870 2269; x_wconf 90' lang='lat' dir='ltr'><strong>sermo</strong></span> 
     </span>
     <span class='ocr_line' id='line_1_25' title="bbox 184 2291 1073 2371; baseline -0.009 -17"><span class='ocrx_word' id='word_1_165' title='bbox 184 2291 336 2370; x_wconf 90' lang='lat' dir='ltr'><strong>Promptus</strong></span> <span class='ocrx_word' id='word_1_166' title='bbox 355 2301 384 2351; x_wconf 92' lang='lat' dir='ltr'><strong>et</strong></span> <span class='ocrx_word' id='word_1_167' title='bbox 407 2292 491 2353; x_wconf 88' lang='lat' dir='ltr'><strong>lsaeo</strong></span> <span class='ocrx_word' id='word_1_168' title='bbox 513 2295 679 2352; x_wconf 87' lang='lat' dir='ltr'><strong>torrentior.</strong></span> <span class='ocrx_word' id='word_1_169' title='bbox 723 2292 805 2369; x_wconf 86' lang='lat' dir='ltr'><strong>Ede,</strong></span> <span class='ocrx_word' id='word_1_170' title='bbox 829 2293 896 2371; x_wconf 92' lang='lat' dir='ltr'><strong>quid</strong></span> <span class='ocrx_word' id='word_1_171' title='bbox 919 2292 998 2352; x_wconf 91' lang='lat' dir='ltr'><strong>illum</strong></span> <span class='ocrx_word' id='word_1_172' title='bbox 1072 2343 1073 2346; x_wconf 74' lang='grc'>,</span> 
     </span>
     <span class='ocr_line' id='line_1_26' title="bbox 183 2371 1174 2453; baseline 0.001 -17"><span class='ocrx_word' id='word_1_173' title='bbox 183 2373 260 2436; x_wconf 84' lang='lat' dir='ltr'><strong>Esse</strong></span> <span class='ocrx_word' id='word_1_174' title='bbox 281 2371 385 2453; x_wconf 83' lang='lat' dir='ltr'><strong>putes?</strong></span> <span class='ocrx_word' id='word_1_175' title='bbox 408 2376 537 2453; x_wconf 89' lang='lat' dir='ltr'><strong>quemvis</strong></span> <span class='ocrx_word' id='word_1_176' title='bbox 559 2375 703 2435; x_wconf 88' lang='lat' dir='ltr'><strong>hominem</strong></span> <span class='ocrx_word' id='word_1_177' title='bbox 722 2394 822 2435; x_wconf 87' lang='lat' dir='ltr'><strong>secum</strong></span> <span class='ocrx_word' id='word_1_178' title='bbox 844 2375 936 2436; x_wconf 90' lang='lat' dir='ltr'><strong>attulit</strong></span> <span class='ocrx_word' id='word_1_179' title='bbox 957 2376 994 2436; x_wconf 88' lang='lat' dir='ltr'><strong>ad</strong></span> <span class='ocrx_word' id='word_1_180' title='bbox 1013 2391 1082 2434; x_wconf 94' lang='lat' dir='ltr'><strong>nos:</strong></span> <span class='ocrx_word' id='word_1_181' title='bbox 1139 2383 1174 2437; x_wconf 86' lang='grc'><strong>75</strong></span> 
     </span>
     <span class='ocr_line' id='line_1_27' title="bbox 185 2457 1030 2538; baseline -0.001 -19"><span class='ocrx_word' id='word_1_182' title='bbox 185 2457 407 2534; x_wconf 83' lang='lat' dir='ltr'><strong>Grammaticus,</strong></span> <span class='ocrx_word' id='word_1_183' title='bbox 431 2459 545 2535; x_wconf 90' lang='lat' dir='ltr'><strong>rbetor,</strong></span> <span class='ocrx_word' id='word_1_184' title='bbox 566 2468 753 2536; x_wconf 77' lang='lat' dir='ltr'><strong>geometres,</strong></span> <span class='ocrx_word' id='word_1_185' title='bbox 775 2461 889 2538; x_wconf 88' lang='lat' dir='ltr'><strong>pictor,</strong></span> <span class='ocrx_word' id='word_1_186' title='bbox 914 2459 1030 2538; x_wconf 88' lang='lat' dir='ltr'><strong>aliptes,</strong></span> 
     </span>
     <span class='ocr_line' id='line_1_28' title="bbox 184 2540 1076 2621; baseline -0.001 -19"><span class='ocrx_word' id='word_1_187' title='bbox 184 2542 301 2619; x_wconf 76' lang='lat' dir='ltr'><strong>Augur,</strong></span> <span class='ocrx_word' id='word_1_188' title='bbox 325 2540 556 2618; x_wconf 89' lang='lat' dir='ltr'><strong>schoenobates,</strong></span> <span class='ocrx_word' id='word_1_189' title='bbox 580 2542 726 2619; x_wconf 87' lang='lat' dir='ltr'><strong>medicus,</strong></span> <span class='ocrx_word' id='word_1_190' title='bbox 745 2561 861 2621; x_wconf 76' lang='lat' dir='ltr'><strong>magus:</strong></span> <span class='ocrx_word' id='word_1_191' title='bbox 885 2545 979 2605; x_wconf 90' lang='lat' dir='ltr'><strong>omnia</strong></span> <span class='ocrx_word' id='word_1_192' title='bbox 996 2543 1076 2602; x_wconf 89' lang='lat' dir='ltr'><strong>novit</strong></span> 
     </span>
     <span class='ocr_line' id='line_1_29' title="bbox 185 2624 962 2703; baseline -0.001 -17"><span class='ocrx_word' id='word_1_193' title='bbox 185 2624 345 2687; x_wconf 82' lang='lat' dir='ltr'><strong>Graeculus</strong></span> <span class='ocrx_word' id='word_1_194' title='bbox 368 2626 516 2695; x_wconf 87' lang='lat' dir='ltr'><strong>esuriens;</strong></span> <span class='ocrx_word' id='word_1_195' title='bbox 538 2627 566 2684; x_wconf 93' lang='lat' dir='ltr'><strong>in</strong></span> <span class='ocrx_word' id='word_1_196' title='bbox 590 2625 721 2703; x_wconf 89' lang='lat' dir='ltr'><strong>coelum,</strong></span> <span class='ocrx_word' id='word_1_197' title='bbox 743 2628 879 2703; x_wconf 91' lang='lat' dir='ltr'><strong>iusseris,</strong></span> <span class='ocrx_word' id='word_1_198' title='bbox 902 2626 962 2686; x_wconf 92' lang='lat' dir='ltr'><strong>ibit.</strong></span> 
     </span>
     <span class='ocr_line' id='line_1_30' title="bbox 183 2708 1130 2790; baseline -0.001 -20"><span class='ocrx_word' id='word_1_199' title='bbox 183 2709 216 2770; x_wconf 94' lang='lat' dir='ltr'><strong>ln</strong></span> <span class='ocrx_word' id='word_1_200' title='bbox 239 2726 363 2783; x_wconf 89' lang='lat' dir='ltr'><strong>summa,</strong></span> <span class='ocrx_word' id='word_1_201' title='bbox 383 2725 441 2768; x_wconf 92' lang='lat' dir='ltr'><strong>non</strong></span> <span class='ocrx_word' id='word_1_202' title='bbox 454 2708 571 2770; x_wconf 85' lang='lat' dir='ltr'><strong>llaurus</strong></span> <span class='ocrx_word' id='word_1_203' title='bbox 592 2718 655 2770; x_wconf 89' lang='lat' dir='ltr'><strong>erat</strong></span> <span class='ocrx_word' id='word_1_204' title='bbox 675 2728 771 2790; x_wconf 93' lang='lat' dir='ltr'><strong>neque</strong></span> <span class='ocrx_word' id='word_1_205' title='bbox 794 2713 924 2772; x_wconf 88' lang='lat' dir='ltr'><strong>Sarmata</strong></span> <span class='ocrx_word' id='word_1_206' title='bbox 942 2729 1000 2770; x_wconf 92' lang='lat' dir='ltr'><strong>nec</strong></span> <span class='ocrx_word' id='word_1_207' title='bbox 1022 2710 1130 2786; x_wconf 82' lang='lat' dir='ltr'><strong>Thrax,</strong></span> 
     </span>
     <span class='ocr_line' id='line_1_31' title="bbox 185 2791 1177 2871; baseline 0.007 -21"><span class='ocrx_word' id='word_1_208' title='bbox 185 2791 241 2865; x_wconf 79' lang='lat' dir='ltr'><strong>Qui</strong></span> <span class='ocrx_word' id='word_1_209' title='bbox 259 2793 380 2871; x_wconf 89' lang='lat' dir='ltr'><strong>sumpsit</strong></span> <span class='ocrx_word' id='word_1_210' title='bbox 401 2793 520 2871; x_wconf 90' lang='lat' dir='ltr'><strong>pinnas,</strong></span> <span class='ocrx_word' id='word_1_211' title='bbox 542 2795 645 2855; x_wconf 88' lang='lat' dir='ltr'><strong>mediis</strong></span> <span class='ocrx_word' id='word_1_212' title='bbox 664 2794 716 2854; x_wconf 88' lang='lat' dir='ltr'><strong>sed</strong></span> <span class='ocrx_word' id='word_1_213' title='bbox 739 2804 822 2856; x_wconf 90' lang='lat' dir='ltr'><strong>natus</strong></span> <span class='ocrx_word' id='word_1_214' title='bbox 843 2795 976 2854; x_wconf 89' lang='lat' dir='ltr'><strong>Athenis.</strong></span> <span class='ocrx_word' id='word_1_215' title='bbox 1138 2803 1177 2857; x_wconf 84' lang='lat'><strong>80</strong></span> 
     </span>
     <span class='ocr_line' id='line_1_32' title="bbox 183 2875 1010 2957; baseline 0.004 -22"><span class='ocrx_word' id='word_1_216' title='bbox 183 2875 291 2936; x_wconf 87' lang='lat' dir='ltr'><strong>Horum</strong></span> <span class='ocrx_word' id='word_1_217' title='bbox 312 2894 369 2954; x_wconf 87' lang='lat' dir='ltr'><strong>ego</strong></span> <span class='ocrx_word' id='word_1_218' title='bbox 389 2894 445 2937; x_wconf 96' lang='lat' dir='ltr'><strong>non</strong></span> <span class='ocrx_word' id='word_1_219' title='bbox 467 2877 574 2955; x_wconf 76' lang='lat' dir='ltr'><strong>ingiam</strong></span> <span class='ocrx_word' id='word_1_220' title='bbox 597 2875 771 2954; x_wconf 73' lang='lat' dir='ltr'><strong>conchylia?</strong></span> <span class='ocrx_word' id='word_1_221' title='bbox 792 2898 837 2939; x_wconf 89' lang='lat' dir='ltr'><strong>me</strong></span> <span class='ocrx_word' id='word_1_222' title='bbox 859 2879 938 2957; x_wconf 89' lang='lat' dir='ltr'><strong>prior</strong></span> <span class='ocrx_word' id='word_1_223' title='bbox 960 2877 1010 2938; x_wconf 91' lang='lat' dir='ltr'><strong>ille</strong></span> 
     </span>
     <span class='ocr_line' id='line_1_33' title="bbox 185 2960 894 3041; baseline 0 -20"><span class='ocrx_word' id='word_1_224' title='bbox 185 2960 315 3037; x_wconf 81' lang='lat' dir='ltr'><strong>Signabit</strong></span> <span class='ocrx_word' id='word_1_225' title='bbox 335 2960 483 3041; x_wconf 78' lang='lat' dir='ltr'><strong>fultusque</strong></span> <span class='ocrx_word' id='word_1_226' title='bbox 504 2972 569 3022; x_wconf 92' lang='lat' dir='ltr'><strong>toro</strong></span> <span class='ocrx_word' id='word_1_227' title='bbox 591 2962 713 3023; x_wconf 89' lang='lat' dir='ltr'><strong>meliore</strong></span> <span class='ocrx_word' id='word_1_228' title='bbox 734 2962 894 3038; x_wconf 90' lang='lat' dir='ltr'><strong>recumbet,</strong></span> 
     </span>
     <span class='ocr_line' id='line_1_34' title="bbox 185 3042 987 3125; baseline 0.002 -22"><span class='ocrx_word' id='word_1_229' title='bbox 185 3043 334 3104; x_wconf 79' lang='lat' dir='ltr'><strong>Adventus</strong></span> <span class='ocrx_word' id='word_1_230' title='bbox 356 3044 476 3106; x_wconf 86' lang='lat' dir='ltr'><strong>Romam</strong></span> <span class='ocrx_word' id='word_1_231' title='bbox 499 3063 556 3125; x_wconf 94' lang='lat' dir='ltr'><strong>quo</strong></span> <span class='ocrx_word' id='word_1_232' title='bbox 579 3064 669 3125; x_wconf 90' lang='lat' dir='ltr'><strong>pruna</strong></span> <span class='ocrx_word' id='word_1_233' title='bbox 692 3054 721 3106; x_wconf 97' lang='lat' dir='ltr'><strong>et</strong></span> <span class='ocrx_word' id='word_1_234' title='bbox 744 3055 861 3107; x_wconf 85' lang='lat' dir='ltr'><strong>cottona</strong></span> <span class='ocrx_word' id='word_1_235' title='bbox 878 3042 987 3106; x_wconf 78' lang='lat' dir='ltr'><strong>vento?</strong></span> 
     </span>
     <span class='ocr_line' id='line_1_35' title="bbox 187 3125 1055 3209; baseline 0 -21"><span class='ocrx_word' id='word_1_236' title='bbox 187 3125 286 3204; x_wconf 87' lang='lat' dir='ltr'><strong>Usque</strong></span> <span class='ocrx_word' id='word_1_237' title='bbox 308 3129 383 3188; x_wconf 90' lang='lat' dir='ltr'><strong>adeo</strong></span> <span class='ocrx_word' id='word_1_238' title='bbox 406 3129 476 3189; x_wconf 91' lang='lat' dir='ltr'><strong>nibil</strong></span> <span class='ocrx_word' id='word_1_239' title='bbox 499 3138 559 3205; x_wconf 90' lang='lat' dir='ltr'><strong>est,</strong></span> <span class='ocrx_word' id='word_1_240' title='bbox 583 3130 661 3209; x_wconf 92' lang='lat' dir='ltr'><strong>quod</strong></span> <span class='ocrx_word' id='word_1_241' title='bbox 684 3139 783 3190; x_wconf 89' lang='lat' dir='ltr'><strong>nostra</strong></span> <span class='ocrx_word' id='word_1_242' title='bbox 804 3129 921 3190; x_wconf 80' lang='lat' dir='ltr'><strong>infantia</strong></span> <span class='ocrx_word' id='word_1_243' title='bbox 940 3129 1055 3190; x_wconf 90' lang='lat' dir='ltr'><strong>coelum</strong></span> 
     </span>
    </p>
   </div>
   <div class='ocr_carea' id='block_1_3' title="bbox 185 3209 1298 3541">
    <p class='ocr_par' dir='ltr' id='par_1_4' title="bbox 185 3209 1298 3455">
     <span class='ocr_line' id='line_1_36' title="bbox 185 3209 1298 3288; baseline 0.004 -18"><span class='ocrx_word' id='word_1_244' title='bbox 185 3209 286 3271; x_wconf 81' lang='lat' dir='ltr'><strong>Haurit</strong></span> <span class='ocrx_word' id='word_1_245' title='bbox 307 3210 458 3288; x_wconf 88' lang='lat' dir='ltr'><strong>Aventini,</strong></span> <span class='ocrx_word' id='word_1_246' title='bbox 482 3211 574 3274; x_wconf 88' lang='lat' dir='ltr'><strong>bacca</strong></span> <span class='ocrx_word' id='word_1_247' title='bbox 591 3214 696 3274; x_wconf 87' lang='lat' dir='ltr'><strong>nutrita</strong></span> <span class='ocrx_word' id='word_1_248' title='bbox 713 3211 841 3273; x_wconf 81' lang='lat' dir='ltr'><strong>Sabina?</strong></span> <span class='ocrx_word' id='word_1_249' title='bbox 1139 3222 1174 3275; x_wconf 84' lang='grc'><strong>85</strong></span> <span class='ocrx_word' id='word_1_250' title='bbox 1297 3215 1298 3258; x_wconf 73' lang='lat' dir='ltr'><strong>t</strong></span> 
     </span>
     <span class='ocr_line' id='line_1_37' title="bbox 187 3290 972 3375; baseline 0.003 -22"><span class='ocrx_word' id='word_1_251' title='bbox 187 3292 261 3367; x_wconf 81' lang='lat' dir='ltr'><strong>Quid</strong></span> <span class='ocrx_word' id='word_1_252' title='bbox 285 3295 362 3373; x_wconf 92' lang='lat' dir='ltr'><strong>quod</strong></span> <span class='ocrx_word' id='word_1_253' title='bbox 381 3296 513 3357; x_wconf 89' lang='lat' dir='ltr'><strong>adulandi</strong></span> <span class='ocrx_word' id='word_1_254' title='bbox 535 3315 609 3374; x_wconf 87' lang='lat' dir='ltr'><strong>gens</strong></span> <span class='ocrx_word' id='word_1_255' title='bbox 631 3296 852 3375; x_wconf 89' lang='lat' dir='ltr'><strong>prudentissima</strong></span> <span class='ocrx_word' id='word_1_256' title='bbox 875 3290 972 3357; x_wconf 88' lang='lat' dir='ltr'><strong>laudat</strong></span> 
     </span>
     <span class='ocr_line' id='line_1_38' title="bbox 188 3378 902 3455; baseline 0.001 -18"><span class='ocrx_word' id='word_1_257' title='bbox 188 3378 357 3438; x_wconf 89' lang='lat' dir='ltr'><strong>Sermonem</strong></span> <span class='ocrx_word' id='word_1_258' title='bbox 376 3379 499 3455; x_wconf 89' lang='lat' dir='ltr'><strong>indocti,</strong></span> <span class='ocrx_word' id='word_1_259' title='bbox 520 3380 625 3440; x_wconf 88' lang='lat' dir='ltr'><strong>laciem</strong></span> <span class='ocrx_word' id='word_1_260' title='bbox 645 3379 785 3440; x_wconf 82' lang='lat' dir='ltr'><strong>deformis</strong></span> <span class='ocrx_word' id='word_1_261' title='bbox 807 3381 902 3454; x_wconf 88' lang='lat' dir='ltr'><strong>amici,</strong></span> 
     </span>
    </p>

    <p class='ocr_par' dir='ltr' id='par_1_5' title="bbox 189 3458 943 3541">
     <span class='ocr_line' id='line_1_39' title="bbox 189 3458 943 3541; baseline 0 -20"><span class='ocrx_word' id='word_1_262' title='bbox 189 3458 224 3521; x_wconf 79' lang='lat' dir='ltr'><strong>Et</strong></span> <span class='ocrx_word' id='word_1_263' title='bbox 244 3461 362 3541; x_wconf 72' lang='lat' dir='ltr'><strong>longum</strong></span> <span class='ocrx_word' id='word_1_264' title='bbox 384 3463 500 3524; x_wconf 84' lang='lat' dir='ltr'><strong>invalidi</strong></span> <span class='ocrx_word' id='word_1_265' title='bbox 522 3462 628 3524; x_wconf 91' lang='lat' dir='ltr'><strong>collum</strong></span> <span class='ocrx_word' id='word_1_266' title='bbox 651 3461 815 3522; x_wconf 87' lang='lat' dir='ltr'><strong>cervicibus</strong></span> <span class='ocrx_word' id='word_1_267' title='bbox 837 3470 943 3540; x_wconf 91' lang='lat' dir='ltr'><strong>aequat</strong></span> 
     </span>
    </p>
   </div>
   <div class='ocr_carea' id='block_1_4' title="bbox 0 0 1308 4006">
    <p class='ocr_par' dir='ltr' id='par_1_6' title="bbox 0 0 1308 4006">
     <span class='ocr_line' id='line_1_40' title="bbox 0 0 1308 4006; baseline 0 0"><span class='ocrx_word' id='word_1_268' title='bbox 0 0 1308 4006; x_wconf 95' lang='lat' dir='ltr'><strong> </strong></span> 
     </span>
    </p>
   </div>
  </div>
 </body>
</html>
