2626 4006
512 259 636 308 sumna
655 263 707 328 ¹nr.
1064 255 1101 314 tt
1127 315 1131 324 ,

116 400 199 460 Tunc
220 397 299 457 rudis
321 404 350 455 et
372 394 471 456 Graias
497 400 593 458 mirari
615 400 731 458 nescius
755 408 833 460 artes
1055 417 1105 468 100

116 482 243 543 Urbibus
266 480 378 540 eversis
400 481 572 557 praedarum
594 483 622 540 in
645 491 728 559 parte
749 493 867 560 reperta

116 565 286 643 Magnorum
311 562 451 624 artilicum
473 564 626 641 frangebat
646 564 752 642 pocula
773 567 868 643 miles,

117 648 155 708 Ut
175 648 304 726 phaleris
327 645 468 722 gauderet
494 666 585 725 equus
612 648 783 727 caelataque
807 652 898 710 cassis

117 731 278 791 Romuleae
302 729 454 789 simulacra
479 732 561 791 ferae
586 749 792 792 mansuescere
820 735 916 794 iussae

116 815 235 893 lmperii
259 813 336 888 fato,
360 814 491 889 geminos
513 815 566 874 sub
588 833 661 893 rupe
683 813 829 892 Quirinos,

117 899 163 958 Ac
188 897 289 957 nudam
310 896 437 972 effigiem
461 897 558 975 clipeo
580 900 722 958 venientis
743 908 772 958 et
794 899 876 960 hasta

116 980 332 1059 Pendentisque
358 979 404 1038 dei
430 982 558 1058 perituro
582 981 750 1042 ostenderet
774 981 860 1042 hosti.

117 1063 268 1123 Pouebaut
290 1064 376 1140 igitur
401 1062 497 1124 Tusco
519 1064 626 1125 farrata
646 1067 755 1133 catiuo;

118 1146 240 1223 Argenti
266 1148 343 1224 quod
366 1156 442 1222 erat,
466 1147 537 1207 solis
560 1148 693 1226 fulgebat
714 1151 743 1207 iu
764 1151 861 1208 armis.

118 1229 218 1290 Omnia
240 1239 323 1306 tunc,
349 1229 451 1308 quibus
472 1232 617 1307 invideas,
643 1235 667 1292 si
690 1231 824 1292 lividulus
846 1234 896 1291 sis.

118 1312 304 1392 'l’emplorum
326 1329 443 1392 quoque
464 1315 599 1374 maiestas
622 1318 805 1394 praesentior
827 1325 856 1375 et
878 1333 935 1375 vox

116 1395 213 1456 Nocte
234 1397 298 1457 iere
318 1396 413 1456 media
434 1397 612 1476 mediamque
635 1400 729 1458 audita
750 1417 805 1477 per
826 1398 936 1475 urbem,

116 1479 214 1539 Litore
238 1480 274 1540 eb
296 1478 405 1539 Oceani
428 1478 517 1540 Gallis
536 1482 718 1542 venientibus
742 1491 771 1542 et
793 1481 836 1541 dis

118 1562 251 1623 Oilicinm
273 1565 347 1624 vatis
368 1564 590 1641 peragentibus;
612 1565 656 1624 his
680 1567 788 1625 monuit
807 1581 872 1639 nos,

117 1646 198 1706 llanc
224 1647 312 1707 rebus
334 1645 421 1707 Latiis
444 1665 542 1707 curam
568 1658 718 1726 praestare
740 1648 855 1708 solebat

16 1765 19 1774 ·
116 1728 230 1789 Fictilis
256 1739 286 1790 et
306 1729 386 1790 nullo
412 1731 537 1791 violatus
562 1731 691 1810 luppiter
714 1749 794 1793 auro.

6 1855 7 1866 ,
116 1812 172 1873 llla
196 1814 373 1874 dominatus
397 1823 554 1892 nostraque
582 1833 620 1874 ex
641 1815 746 1876 arbore
769 1833 884 1876 mensas

117 1895 264 1975 Tempora
286 1898 432 1966 viderunt;
456 1898 509 1957 hos
530 1898 638 1975 lignum
662 1900 756 1960 stabat
779 1900 814 1960 ad
835 1917 915 1975 usus,

116 1979 266 2040 Aunosam
288 1983 312 2040 si
335 1980 411 2040 forte
430 1999 533 2040 nucem
558 1982 705 2043 deiecerat
729 2002 825 2042 eurus.

117 2062 157 2122 At
181 2082 255 2123 nnnc
280 2063 414 2124 divitibus
437 2065 577 2124 coenandi
598 2065 675 2126 nulla
694 2066 840 2144 voluptas,

118 2144 167 2206 Nil
188 2147 342 2223 rhombus,
370 2147 409 2208 nil
432 2148 514 2208 dama
536 2151 627 2225 sapit,
649 2159 752 2226 putere
773 2148 906 2209 videntur

118 2228 272 2306 Unguenta
298 2240 384 2308 atque
407 2248 509 2307 rosae,
532 2231 607 2290 latos
628 2234 681 2291 nisi
703 2234 825 2292 sustinet
848 2231 936 2293 orbes

118 2311 233 2374 Grande
254 2313 327 2374 ebur
349 2324 379 2374 et
400 2332 504 2392 magno
528 2314 658 2374 sublimis
680 2317 785 2395 pardus
808 2316 896 2392 hiatu,

117 2395 260 2457 Dentibus
285 2417 321 2458 ex
346 2398 421 2474 illis,
445 2416 518 2476 quos
541 2400 623 2458 mittit
642 2410 726 2477 porta
747 2402 860 2475 Syenes

117 2477 155 2538 Et
179 2479 268 2541 Mauri
292 2482 408 2542 celeres
432 2492 461 2542 et
482 2480 581 2541 blauro
607 2481 759 2543 obscurior
777 2483 874 2560 ludus,

118 2561 156 2622 itt
185 2581 259 2641 quos
283 2564 418 2644 deposuit
440 2565 590 2625 Nabataeo
612 2565 711 2627 bellua
732 2567 818 2642 saltu,

118 2644 176 2705 lam
199 2649 301 2707 nimios
324 2650 468 2726 capitique
485 2666 601 2726 graves.
639 2651 711 2711 llinc
737 2653 828 2727 surgit
852 2653 961 2726 oreris,

118 2728 191 2789 Hinc
209 2731 358 2814 stomacho
382 2733 477 2800 vires;
501 2750 564 2791 nam
588 2752 642 2811 pes
664 2744 818 2811 argenteus
842 2733 911 2809 illis,

119 2812 249 2874 Annulus
272 2816 300 2873 in
327 2815 417 2892 digito
440 2817 518 2894 quod
544 2816 667 2876 ferreus.
706 2815 787 2894 Ergo
809 2817 964 2893 superbum

119 2893 277 2957 Convivam
301 2915 412 2975 caveo,
436 2901 484 2977 qni
506 2918 551 2959 me
573 2899 627 2959 sibi
650 2909 799 2978 comparet
822 2908 851 2958 et
872 2919 920 2959 res
1049 2909 1099 2962 130

119 2978 252 3057 Despicit
277 2984 407 3060 exiguas.
443 2981 526 3042 Adeo
549 2982 627 3042 nulla
652 2985 733 3042 uncia
755 2981 838 3041 nobis

7 3095 8 3129 r
119 3061 172 3123 list
193 3063 292 3123 eboris
315 3082 370 3125 nec
392 3065 532 3126 tessellae
557 3085 612 3126 uec
638 3066 766 3126 calculus
791 3083 829 3125 ex
852 3065 908 3126 hac

118 3143 257 3222 Materia,
279 3149 345 3226 quin
370 3150 434 3226 ipsa
458 3149 603 3209 manubria
628 3149 809 3210 cultellorum

119 3226 227 3297 Ossea;
252 3241 426 3292 nontamen
455 3232 499 3291 bis
524 3232 582 3292 ulla
607 3251 738 3311 umquam
760 3234 882 3294 obsonia
905 3235 973 3294 liunt

119 3309 298 3391 llancidula,
325 3324 373 3375 aut
395 3316 462 3375 ideo
488 3317 573 3394 peior
596 3317 704 3394 gallina
729 3327 855 3377 secatur.
1049 3325 1097 3378 135

118 3395 178 3455 Sed
201 3415 257 3456 nec
279 3407 405 3458 structor
432 3400 506 3474 erit,
531 3401 577 3460 cui
601 3401 709 3461 cedere
735 3401 840 3461 debeat
862 3403 953 3461 omnis

118 3475 257 3556 Pergula,
281 3481 441 3560 discipulus
464 3481 606 3562 Trypheri
628 3483 773 3561 doctoris,
796 3485 873 3562 apud
898 3502 983 3564 quem
