2626 4006
186 222 189 229 '
224 215 264 277 94
513 241 515 246 ,
545 225 673 271 n.1nu.
697 222 882 271 ruvnunms

225 367 353 428 Alterius
377 364 516 424 conchem
539 363 641 423 aestivi
663 381 727 423 cum
748 371 830 442 parte
858 360 958 420 lacerti

225 451 371 527 signatam
391 449 440 508 vel
463 446 577 507 dimidio
599 449 733 525 putrique
756 446 856 520 siluro,

224 533 346 611 Filaque
372 531 475 592 sectivi
497 540 643 590 numerata
664 530 814 590 includere
836 529 932 606 porri:

223 616 361 677 Invitatus
388 615 517 676 adhaec
539 615 642 692 aliquis
665 614 701 674 de
722 622 811 692 ponte
833 611 961 689 negabit.

225 701 283 760 Sed
306 716 363 777 quo
387 698 499 758 divitias
522 698 596 758 hoec
615 716 670 776 per
691 706 833 758 tormenta
857 703 987 772 coactas,
1159 707 1210 762 135

225 783 318 857 Quum
339 783 420 842 iuror
442 782 517 842 baud
538 781 657 856 dubius,
681 800 766 861 quum
787 783 824 840 sit
845 779 996 840 manifesta
1022 781 1187 859 phrenesis,

223 867 261 927 Ut
279 866 413 944 locuples
440 867 588 941 moriaris,
612 867 726 942 egentis
748 866 849 924 vivere
871 859 954 924 iate?

223 951 338 1012 interea
361 949 448 1028 pleno
473 967 558 1027 quum
580 959 678 1027 turget
696 948 831 1009 sacculus
854 965 917 1024 ore,
1025 975 1028 979 ·

224 1032 341 1094 Crescit
366 1051 446 1094 amor
469 1035 590 1110 nummi,
617 1040 751 1112 quantum
772 1033 836 1111 ipsa
855 1031 981 1109 pecunia
1003 1033 1106 1108 crevit,

224 1117 262 1177 Et
282 1119 374 1176 minus
397 1117 471 1177 banc
500 1126 580 1194 optat
603 1117 730 1194 quinon
753 1115 850 1176 babet.
883 1113 964 1192 Ergo
987 1124 1104 1193 paratur
1161 1123 1211 1178 tto

223 1200 326 1260 Altera
348 1199 417 1260 villa
439 1199 505 1276 tibi,
529 1217 614 1277 quum
636 1218 684 1259 rus
706 1216 764 1259 non
786 1199 894 1259 sullicit
915 1217 1011 1274 unum,
1042 1255 1044 1258 .

223 1284 260 1344 Et
282 1283 417 1362 proferre
440 1282 511 1343 libet
533 1283 620 1359 lines,
643 1285 792 1362 mpiorque
814 1283 929 1343 videtur

223 1367 261 1428 ltt
282 1366 386 1427 melior
407 1368 502 1426 vicina
525 1385 630 1444 seges:
652 1368 790 1427 mercaris
814 1376 844 1426 et
865 1366 939 1426 banc
962 1374 991 1425 et

222 1451 349 1511 Arbusta
373 1459 402 1510 et
425 1453 514 1513 densa
542 1459 667 1510 montem
692 1453 740 1528 qui
764 1459 848 1511 canet
870 1450 958 1510 oliva.

224 1534 352 1608 Quorum
377 1536 401 1594 si
423 1535 518 1612 pretio
541 1535 671 1595 dominus
691 1551 748 1594 non
770 1536 894 1595 vincitur
916 1533 986 1610 ullo,
1160 1545 1210 1598 145

221 1618 316 1678 Nocte
340 1617 433 1678 boves
459 1619 549 1678 macri
569 1619 708 1696 lassoque
729 1619 863 1678 famelica
885 1617 964 1677 collo

221 1702 350 1764 lumenta
371 1701 407 1761 ad
426 1701 535 1761 virides
555 1701 638 1761 huius
660 1703 806 1761 mittentur
828 1703 946 1770 aristas;

222 1783 285 1844 Nec
307 1785 386 1863 prius
407 1784 473 1844 inde
498 1784 627 1860 domum,
651 1803 736 1862 quam
756 1794 816 1847 tota
835 1785 951 1846 novalia
972 1803 1080 1845 saevos

221 1867 254 1928 ln
275 1877 392 1927 ventres
415 1867 535 1944 abeant,
559 1877 590 1928 nt
611 1868 714 1928 credas
736 1869 861 1930 ialcibus
884 1878 988 1930 actum.

221 1952 329 2012 Dicere
350 1953 399 2011 vix
419 1954 532 2030 possis,
563 1969 648 2031 quam
672 1953 752 2013 multi
774 1953 842 2014 talia
867 1952 994 2031 plorent,
1159 1965 1211 2018 150

221 2035 259 2095 lit
280 2043 351 2113 quot
372 2036 493 2097 venales
515 2037 616 2097 iniuria
638 2037 743 2097 iecerit
765 2054 864 2114 agros.

222 2118 281 2179 Sed
305 2120 353 2197 qui
374 2136 541 2197 sermones,
566 2138 649 2199 quarn
670 2121 776 2181 foedae
796 2121 918 2181 buccina
939 2121 1048 2181 ismae!
1064 2158 1108 2168 -

223 2201 297 2275 Quid
320 2212 408 2264 nocet
429 2201 523 2264 boec?
544 2206 649 2284 inquit;
671 2206 795 2267 tunicam
818 2205 886 2266 mibi
908 2206 984 2266 malo
1007 2204 1109 2284 lupini,

222 2284 314 2358 Quam
335 2289 360 2347 si
385 2305 431 2347 me
456 2296 517 2348 toto
545 2288 643 2348 laudet
665 2290 771 2349 vicinia
798 2307 875 2367 pago

221 2367 327 2448 [luigni
349 2372 424 2430 ruris
447 2371 621 2449 paucissima
645 2372 722 2433 iarra
747 2382 904 2433 secantem.
919 2409 963 2422 —
1159 2385 1210 2438 155

120 2469 123 2476 ·
221 2453 343 2513 Scilicet
369 2462 399 2513 et
420 2454 528 2515 morbis
549 2463 579 2514 et
602 2455 751 2517 debilitate
774 2457 900 2533 carebis,

220 2535 258 2595 Et
280 2535 387 2596 luctum
410 2547 439 2597 et
461 2555 559 2598 curam
581 2539 723 2617 effugies,
746 2549 776 2600 et
799 2550 930 2620 tempora
951 2542 1030 2601 vitae

220 2617 320 2696 Longa
340 2620 392 2680 tibi
414 2621 539 2700 posthac
557 2621 617 2682 into
644 2623 766 2684 meliore
789 2624 940 2701 dabuntur,

221 2703 252 2762 Si
277 2711 384 2763 tantum
406 2704 474 2765 culti
496 2706 577 2766 solus
600 2708 770 2786 possederis
791 2710 864 2785 agri,

221 2785 364 2860 Quantum
386 2788 439 2847 sub
459 2789 542 2850 Tatio
562 2792 688 2870 populus
712 2791 857 2852 Romanus
879 2792 1039 2853 arabat*
1159 2801 1211 2856 160
1305 2859 1306 2880 ,

219 2869 288 2932 Mox
310 2872 396 2933 etiam
417 2873 518 2934 fractis
540 2884 635 2936 aetate
659 2894 693 2936 ac
716 2875 822 2936 Punico
845 2877 939 2954 passis
1305 2883 1306 2890 ’

219 2955 336 3017 Proelia
357 2955 406 3016 vel
428 2956 568 3034 Pyrrhum
589 2960 740 3020 immonem
762 2959 937 3038 gladiosque
960 2958 1110 3020 blolossos

220 3037 347 3100 Tandem
369 3057 422 3118 pro
446 3043 541 3103 multis
568 3045 618 3103 vix
638 3045 739 3120 iugera
760 3043 826 3104 bina
851 3043 992 3106 dabantur

218 3121 409 3184 Vulneribus:
432 3143 546 3186 merces
569 3126 643 3188 lraec
666 3129 813 3205 sanguinis
837 3136 923 3207 atquc
942 3126 1052 3188 laboris

218 3203 312 3266 Nullis
334 3209 392 3268 visa
420 3227 554 3287 nmquam
576 3210 685 3270 meritis
707 3213 816 3288 minor,
839 3221 888 3272 aut
906 3213 1038 3288 ingratae
1157 3217 1208 3272 165
1305 3195 1306 3270 l

220 3286 307 3350 Curta
330 3291 403 3352 ildes
421 3294 541 3369 patriae.
579 3294 732 3356 Saturabat
754 3295 874 3372 glebula
897 3296 963 3357 talis

219 3373 331 3433 Patrem
354 3376 447 3452 ipsum
470 3375 639 3455 turbamque
663 3397 764 3454 casae,
788 3398 843 3457 qua
864 3380 924 3439 ieta
945 3377 1061 3442 iacebat

219 3454 299 3515 Uxor
321 3466 351 3516 et
372 3457 495 3518 infantes
518 3459 655 3521 ludebant
676 3470 828 3539 quattuor,
852 3480 925 3522 unus
