2626 4006
512 258 638 306 SATIRA
658 260 709 306 XI.

122 398 252 476 Namque
277 397 315 456 ihi
337 397 470 457 fortunae
495 399 607 456 veniam
632 398 741 458 damus.
783 397 858 457 Alea
878 401 979 477 turpis,

121 482 219 560 Turpe
242 489 271 540 et
295 480 465 564 adulterium
489 480 699 550 mediocribus;
726 479 801 542 haec
827 481 928 541 eadem
953 481 995 542 illi

121 565 221 626 Omnia
247 581 332 642 quum
359 563 485 639 faciunt,
511 564 618 624 hilares
644 565 781 643 nitidique
804 574 950 624 vocamur

120 648 228 708 Nostra
256 647 363 708 dabunt
388 647 462 709 alios
485 648 571 708 hodie
597 649 728 708 convivia
753 648 856 708 ludos:

121 731 263 793 Conditor
283 730 391 791 Iliados
416 731 576 791 cantabitur
599 741 685 810 atque
707 731 833 791 Maronis
1058 743 1106 798 150

119 817 246 876 Altisoni
272 813 385 875 dubiam
407 814 542 874 facientia
565 817 690 875 carmina
714 815 845 893 palmam.
990 813 991 816 ’

121 899 196 973 Quid
219 899 324 973 refert,
347 897 423 958 tales
450 916 554 957 versus
582 917 637 978 qua
662 916 738 958 voce
763 893 915 975 legantur?

163 982 222 1042 Sed
247 1000 322 1042 nunc
346 981 440 1042 dilatis
464 991 566 1041 averte
585 984 703 1059 negotia
731 985 807 1041 curis

119 1065 158 1126 Et
183 1074 294 1143 gratam
316 1067 447 1144 requiem
474 1065 548 1125 dona
566 1065 632 1140 tibi,
660 1065 773 1145 quando
796 1064 897 1124 licebit

119 1151 177 1210 Per
199 1158 288 1208 totum
314 1166 433 1208 cessare
456 1148 547 1218 dicm3
573 1167 630 1209 non
651 1151 761 1210 fenoris
787 1149 845 1208 ulla
1057 1161 1104 1214 185

119 1233 229 1293 Mentio
252 1250 324 1308 nec,
353 1233 443 1310 prima
467 1234 491 1291 si
514 1233 580 1292 luce
607 1251 728 1311 egressa
750 1234 859 1294 reverti

119 1316 215 1376 Nocte
238 1315 329 1391 solet,
356 1317 444 1375 tacito
468 1316 554 1376 bilem
577 1317 629 1376 tihi
653 1316 803 1377 contrahat
825 1333 909 1390 uxor,

119 1399 241 1462 Humida
264 1401 409 1477 suspectis
435 1400 568 1460 referens
594 1400 720 1459 multicia
743 1401 822 1476 rugis

119 1483 308 1562 Vexatasque
336 1497 433 1543 comas
463 1493 492 1542 et
515 1485 622 1543 vultum
646 1500 801 1561 auremque
826 1481 977 1542 calentem.

120 1568 253 1627 Protinus
277 1576 343 1626 ante
366 1585 460 1626 meum
482 1567 618 1645 quidquid
645 1566 724 1627 dolet
746 1584 822 1625 exue
843 1566 939 1639 limen,
1054 1577 1105 1630 190

119 1651 200 1711 Pone
221 1649 334 1710 domum
357 1659 387 1710 et
411 1668 514 1710 servos
539 1660 569 1710 et
593 1650 731 1728 quidquid
756 1650 896 1726 frangitur
920 1649 978 1709 illis

119 1735 179 1795 Aut
201 1735 292 1812 perit;
320 1736 449 1811 ingratos
472 1743 537 1794 ante
563 1736 656 1794 omnia
679 1751 755 1813 pone
782 1733 909 1792 sodales.

120 1818 236 1878 {nterea
259 1817 475 1895 Megalesiacae
500 1818 669 1897 spectacula
693 1835 815 1897 mappae

119 1899 237 1962 Idaeum
263 1901 405 1961 sollemne
430 1902 545 1978 colunt,
572 1902 731 1980 similisque
755 1900 898 1979 triumpho

119 1986 231 2046 Praeda
255 1984 432 2045 caballorum
455 1994 574 2064 praetor
596 1985 680 2045 sedet
701 2004 751 2060 ac,
778 1985 845 2044 mihi
868 2002 942 2061 pace
1053 1995 1103 2048 195
1186 2055 1193 2066 ‚

119 2069 281 2129 Immensae
306 2071 468 2148 nimiaeque
493 2069 562 2128 licet
583 2071 607 2127 si
629 2069 727 2129 dicere
750 2067 857 2146 plebis,

121 2152 223 2212 Totam
248 2151 334 2212 hodie
356 2152 475 2212 Romam
498 2154 592 2212 circus
617 2153 693 2230 capit
716 2161 745 2211 et
764 2152 865 2228 fragor
886 2168 983 2210 aurem

120 2237 265 2312 Percutit,
292 2245 424 2296 eventum
448 2235 546 2296 viridis
573 2253 630 2314 quo
659 2235 768 2312 colligo
785 2235 887 2313 panni.

120 2319 193 2380 Nam
216 2321 240 2379 si
265 2320 419 2396 deficeret,
448 2329 585 2380 maestam
610 2321 817 2398 attonitamque
836 2318 953 2378 videres

120 2403 202 2463 Hanc
226 2403 343 2479 urbem,
368 2403 459 2463 veluti
486 2401 644 2464 Cannarum
665 2405 694 2464 in
713 2403 835 2481 pulvere
860 2403 945 2460 victis
1052 2413 1104 2463 200

122 2483 309 2546 Consulibus.
348 2487 488 2566 Spectent
510 2489 647 2564 iuvenes,
668 2479 747 2566 ‘quos
772 2487 881 2546 clamor
904 2494 933 2544 et
957 2484 1049 2544 audax

121 2572 266 2648 sponsio,
292 2587 365 2649 quos
391 2571 487 2631 cultae
510 2572 596 2632 decet
621 2572 768 2632 assedisse
793 2569 926 2648 puellac;

122 2652 229 2713 Nostra
255 2654 333 2714 hibat
355 2673 473 2715 vernum
500 2665 647 2716 contracta
669 2655 793 2715 cuticula
818 2653 910 2713 solem

121 2737 308 2816 Effugiatque
334 2746 440 2815 togam.
478 2739 536 2799 lam
560 2758 635 2799 nunc
656 2740 684 2798 in
705 2738 808 2798 balnea
830 2737 910 2796 salva

121 2819 229 2881 Fronte
253 2823 323 2882 licet
345 2822 452 2898 vadas,
478 2840 647 2903 quamquam
670 2821 763 2882 solida
788 2821 859 2880 hora
884 2820 1011 2896 supersit
1053 2831 1102 2881 205

123 2903 168 2964 Ad
192 2914 312 2965 sextam.
354 2903 466 2966 Facere
491 2907 547 2966 hoc
569 2924 625 2966 non
650 2906 747 2984 possis
769 2905 894 2983 quinque
917 2901 1018 2961 diebus

124 2985 291 3065 Continuis,
311 2990 378 3066 quia
402 2999 467 3048 sunt
489 2991 554 3050 talis
579 3007 694 3068 quoque
719 2986 813 3046 taedia
835 2987 912 3045 vitae

122 3069 239 3150 Magum
262 3073 430 3150 voluptates
453 3074 633 3134 commendat
654 3073 747 3131 rarior
769 3088 847 3129 usus.

507 3301 712 3310 -—-—--
