2600 4006
214 245 237 286 X
601 244 809 293 PRAEFATIO.

210 389 385 460 ndisprivatae
395 388 566 460 indignationis
580 404 666 444 vocem
680 405 736 443 curn
753 390 849 461 publica
866 393 1001 447 communis
1019 392 1196 462 depravationis
1240 379 1241 383 ¹
1276 431 1280 450 t

208 473 378 530 testificatione
390 473 491 528 idiciter
501 473 626 528 coniunxit
641 487 782 544 summaque
794 475 944 532 tremebundi
955 477 1004 531 oris
1015 476 1125 532 libertate
1138 493 1195 533 cuna
1279 519 1280 530 ,

210 558 370 630 praesentium
385 557 512 613 hominnm
529 557 659 612 reverentia
676 557 806 627 prudenter
824 559 899 614 mixta
916 567 941 614 et
953 559 998 614 sibi
1019 565 1043 614 et
1059 562 1149 631 populo
1162 561 1195 616 ita

208 644 266 698 satis
277 642 346 709 lecit,
359 649 385 696 ut
397 641 440 716 qni
449 641 507 697 beree
517 641 560 699 uic
570 659 600 697 ne
611 641 706 696 modico
715 642 808 722 quiden
819 643 938 698 ouddorio
949 644 1078 718 quidquem
1089 645 1194 700 woanil-
1279 681 1280 694 ,

209 733 257 782 tere
268 742 344 782 ausus
361 732 433 790 meet,
452 742 507 780 mou
524 742 614 798 moqed
630 726 767 799 frequentin
784 733 806 782 et
822 742 932 782 meeesso
948 727 1080 786 ordiretur.
1110 727 1196 800 Neque

210 818 290 866 tarnen
306 811 357 880 ipse
366 810 415 865 hoo
431 810 456 864 in
467 825 581 865 successu
598 809 716 881 acquievit
732 824 817 882 nque,
828 811 886 866 dum
897 811 987 866 alienos
1005 827 1084 868 mores
1096 813 1194 882 carpsit,

210 911 257 950 sno
270 901 364 949 tantum
372 894 471 966 ingenio
482 893 587 957 indulsit,
599 894 640 948 sed
652 898 780 963 postquam
791 894 813 948 in
825 894 944 964 prioribus
954 910 1041 950 novem
1051 895 1131 950 satiris
1141 896 1196 966 phi·
1279 947 1280 958 ,

211 977 337 1048 losophiae
347 978 387 1031 vin
398 977 471 1033 ullam
482 982 523 1031 aut
534 977 644 1032 notitiam
654 982 697 1031 aut
706 984 841 1047 respectum
853 977 969 1048 prodidit,
982 979 1028 1034 soli
1038 979 1155 1050 denique,
1168 987 1196 1034 ot

207 1062 242 1118 ita
255 1062 346 1124 dicam,
363 1065 477 1115 externae
493 1060 586 1116 veritati
602 1061 708 1115 intentus
723 1061 893 1120 verecundum
905 1068 930 1116 et
941 1062 1071 1131 pudorem,
1087 1063 1197 1118 internae

208 1145 323 1201 benitatIs
333 1145 418 1217 signa,
429 1144 517 1214 passim
534 1159 583 1199 non
598 1144 667 1199 laesit
677 1144 756 1199 minus
773 1160 845 1216 mam
863 1146 983 1210 defendit,
1004 1145 1122 1201 edecima
1138 1147 1195 1202 inde
1279 1159 1280 1202 t

209 1230 281 1300 plane
292 1235 399 1284 mumius
416 1243 465 1283 non
475 1228 664 1300 indignationem
681 1233 774 1284 mutum
793 1229 1028 1300 reprehendendiqne
1039 1231 1196 1286 acerbitatem

208 1313 252 1368 sed
263 1313 407 1382 sapientiam
423 1312 496 1367 simul
506 1319 578 1384 atque
587 1311 720 1367 honestatis
735 1313 842 1368 studium
853 1328 910 1383 prae
928 1328 955 1368 se
973 1313 1019 1368 t'ert
1029 1319 1103 1386 utque
1114 1315 1195 1370 minus

208 1396 253 1451 sibi
265 1396 289 1450 in
301 1395 429 1451 verborum
440 1396 532 1452 lesbus
548 1396 710 1466 irrisionisque
723 1396 813 1451 aculeis
829 1397 921 1468 placet,
940 1397 973 1452 ita
985 1397 1150 1470 castigationis
1162 1400 1195 1453 ri·

207 1494 293 1552 gorem
306 1481 466 1550 persuasionis
476 1480 634 1544 etdootrinae
644 1487 833 1551 temperamento
850 1481 1003 1545 moderatum
1019 1497 1067 1553 quo
1078 1481 1102 1536 in
1114 1483 1195 1538 studio

207 1565 251 1618 etsi
262 1564 318 1618 hinc
328 1565 383 1619 inde
393 1580 437 1635 pro
449 1565 550 1634 pristino
566 1565 655 1635 poetici
673 1564 771 1635 spiritus
787 1565 872 1620 ardore
889 1566 926 1620 vel
938 1564 1106 1620 scholasticam
1117 1564 1194 1621 Stoici

206 1649 349 1720 gravitatem
360 1649 431 1703 offert
443 1649 554 1720 ipsosque
565 1647 674 1703 acerrimi
683 1649 776 1721 ingenii
791 1664 877 1704 sensus
887 1654 1010 1720 tamquam
1028 1650 1139 1722 magistri
1151 1651 1194 1706 ali·

206 1733 274 1786 cuius
284 1732 372 1786 dictate
385 1732 481 1800 perfert,
495 1731 565 1786 facile
575 1738 655 1787 tamen
667 1731 816 1802 ignoscimus
826 1733 877 1787 seni
888 1738 987 1787 strenuo
999 1739 1023 1786 et
1034 1733 1137 1797 amabili,
1152 1751 1194 1806 qur

205 1815 261 1870 licet
274 1821 375 1870 aetatem
393 1816 460 1886 quasi
479 1815 564 1870 baculo
583 1815 659 1882 levet,
672 1823 744 1885 caput
759 1822 840 1871 tamen
851 1830 983 1886 numquam
994 1815 1099 1871 demittit
1116 1834 1195 1890 oeque

206 1899 288 1969 magni
301 1899 349 1953 oris
366 1899 460 1954 sonitus
471 1898 598 1969 comprimi
616 1899 721 1969 patitur,
739 1900 835 1955 sedvel
855 1899 1026 1970 octogenarius
1044 1901 1069 1956 in
1086 1903 1193 1960 nefariae

210 1981 388 2052 ‚nperstitiones
405 1983 636 2055 peregrinorumque
652 1983 798 2054 religionum
814 1984 953 2040 foeditatem
966 1984 1051 2039 eadem
1069 1985 1194 2042 iracundia

206 2065 341 2130 invehitur,
360 2082 406 2138 qna
419 2067 476 2122 olim
488 2068 638 2138 popularium
658 2068 791 2135 luxuriam,
803 2069 940 2135 vanitatem,
954 2068 1078 2125 avaritiam
1090 2071 1192 2126 notavit.

207 2149 316 2222 Namque
327 2158 448 2206 extremas
458 2153 543 2206 satiras
554 2152 601 2207 iam
612 2151 730 2208 Hadriano
743 2153 876 2222 imperante
886 2150 988 2221 scriptas
999 2167 1061 2220 esse,
1073 2169 1122 2209 nou
1136 2153 1192 2209 lun-

204 2249 249 2288 ens
261 2241 353 2290 taotum
366 2236 462 2300 consul,
476 2251 548 2308 quem
565 2237 675 2306 superins
690 2238 891 2304 memoravimus,
909 2236 952 2290 sed
965 2235 1079 2292 Fonteius
1097 2253 1192 2309 qnoque

204 2320 303 2390 arguit,
323 2321 391 2374 cuius
402 2320 571 2391 magistratum
582 2336 655 2391 quum
667 2318 718 2376 Sat.
732 2321 797 2376 lllll.
811 2325 844 2381 17
863 2320 989 2392 sexaginta
1008 2336 1125 2376 annomm
1137 2337 1192 2392 spa·

206 2402 239 2457 tio
253 2418 265 2456 a
277 2417 320 2457 sua
338 2409 415 2458 aetate
426 2402 572 2474 distinguat,
589 2403 639 2458 sive
656 2419 678 2458 a.
691 2407 725 2461 59
739 2405 863 2459 consulem
881 2403 1040 2470 intellexeris,
1053 2406 1082 2461 ad
1096 2420 1117 2462 a.
1132 2409 1191 2471 119.

203 2485 255 2540 sive
275 2501 330 2540 cum
341 2485 475 2558 Borghesio
487 2501 556 2554 enm,
573 2487 614 2559 qui
625 2502 646 2543 a.
658 2490 692 2545 67
710 2503 766 2543 cum
778 2488 806 2544 C.
819 2489 878 2544 lulio
892 2487 955 2544 Ruso
968 2490 1119 2545 consulatum
1134 2503 1193 2560 ges·

204 2569 252 2634 sit,
274 2569 303 2623 ad
313 2571 393 2640 ipsum
403 2570 471 2626 lunoi
482 2585 571 2625 annum
591 2575 639 2630 lli
656 2587 682 2641 p.
696 2571 753 2627 Chr.
771 2572 898 2636 desereris,
917 2572 981 2628 unde
995 2573 1104 2644 quintum
1125 2581 1194 2629 certe

204 2652 301 2717 librum,
313 2654 353 2724 qni
363 2655 448 2709 satiras
458 2655 553 2710 tertiam
560 2655 678 2710 decimam
686 2663 710 2710 et
720 2664 848 2728 sequentes
854 2656 1043 2727 comprehendit,
1056 2658 1085 2712 ad
1092 2656 1192 2713 Hadria·

203 2737 227 2790 ni
243 2742 350 2806 tempora
362 2740 481 2807 pertinere
494 2754 593 2794 necesse
602 2750 647 2796 est.
661 2739 697 2794 lle
708 2740 760 2796 solo
769 2749 854 2812 quarto
867 2741 984 2797 librosive
997 2741 1075 2796 satiris
1088 2741 1190 2808 decima,

201 2821 344 2890 undecima,
359 2824 507 2892 duodecima,
520 2839 581 2896 quae
591 2825 706 2894 peculiari
721 2826 835 2896 temporis
846 2833 902 2882 nota
915 2831 1008 2889 carent,
1023 2840 1112 2895 anceps
1128 2825 1192 2880 indi-

202 2905 269 2959 cium
280 2913 324 2971 est,
337 2908 382 2962 nisi
391 2909 456 2979 qnod
467 2909 559 2964 interna
570 2909 651 2964 indole
661 2915 685 2964 et
696 2909 761 2979 ipsae
771 2910 878 2980 quintam
885 2909 983 2980 propius
991 2924 1062 2980 quam
1069 2914 1120 2964 tres
1125 2910 1191 2980 prio·

201 3003 242 3042 res
254 2991 390 3064 attingunt;
402 3008 448 3063 qua
460 2993 485 3048 in
496 3009 567 3048 cama
578 2993 619 3048 ille
629 2994 734 3048 maxime
743 2994 812 3049 locus
820 2994 1044 3050 animadvertendus
1054 2998 1105 3060 est,
1118 3008 1190 3064 quem
1279 2993 1280 3064 ζ

200 3071 296 3127 decima
306 3076 377 3130 satira
388 3091 411 3130 v.
421 3079 473 3134 365
482 3093 536 3131 cum
544 3076 606 3131 xlv.
618 3083 669 3136 315
681 3093 833 3133 communem
845 3078 923 3143 habet,
936 3077 957 3132 si
968 3076 1022 3148 quis
1035 3077 1096 3132 alius
1108 3077 1188 3132 claris·
1279 3067 1280 3134 Ῐ

200 3155 265 3211 sime
281 3153 392 3212 Stoicum
411 3158 479 3214 illum
496 3161 626 3229 sapientiae
649 3163 741 3217 cultum
758 3161 887 3230 exhibens,
907 3176 978 3232 mam
1000 3159 1034 3214 illi
1052 3159 1189 3231 philosophi

201 3241 398 3297 omnisnuminis
416 3242 491 3298 instar
501 3244 778 3316 existimabantpraeqnc
787 3261 815 3301 ea
825 3263 874 3301 non
886 3247 996 3301 fortunae
1007 3249 1101 3298 mutum
1108 3259 1188 3311 casos,
1279 3301 1280 3304 ,

201 3324 247 3378 sed
259 3325 332 3381 etiam
344 3341 385 3381 eos
396 3326 454 3381 deos
464 3327 620 3398 spernebant,
634 3329 674 3400 qui
686 3345 761 3400 quum
771 3329 846 3401 vulgo
857 3344 937 3384 rernm
949 3328 1094 3382 naturalium
1105 3335 1190 3383 aucto·

200 3421 243 3462 res
254 3407 414 3478 haberentur,
427 3411 529 3466 inventis
540 3412 592 3467 aliis
602 3412 688 3467 harum
698 3414 776 3467 causis
786 3428 817 3468 ne
829 3414 874 3484 ipsi
884 3412 982 3484 quidem
993 3411 1055 3466 ultra
1066 3411 1190 3483 legitimas

200 3491 344 3550 cerimonias
361 3496 489 3552 venerandi
509 3496 725 3559 esseddebautnr3
744 3494 1063 3569 huiusigiturpnedenta'oc,
1083 3495 1189 3550 ouiusin

197 3575 362 3648 superioribus
371 3577 450 3637 satiris
461 3594 492 3636 ne
502 3594 591 3636 nomen
607 3580 704 3653 quidem
714 3583 805 3649 exstat,
823 3581 844 3636 si
856 3597 870 3637 a
881 3586 966 3654 quarto
979 3579 1034 3634 inde
1045 3577 1107 3635 libro
1120 3577 1189 3635 lure·
