2600 4006
482 255 608 302 sumtu
627 255 673 303 VI.

106 400 205 476 Atque
227 394 330 455 eadem
356 395 454 454 scrofa
476 393 573 454 Niobe
595 391 749 456 fecundior
770 394 846 454 alba.

107 481 192 557 Quae
215 480 286 539 tanti
306 479 453 556 gravitas,
476 496 551 557 quae
574 479 682 555 forma,
707 488 738 538 ut
759 497 793 538 se
814 478 866 539 tibi
889 497 1006 559 semper

106 559 253 643 imputet?
276 561 359 622 huius
382 563 456 622 enirn
478 563 536 622 rari
557 564 716 641 summique
737 562 874 641 voluptas

106 648 193 709 Nulla
219 646 305 722 boni,
332 647 448 725 quoties
471 647 565 706 animo
592 657 728 726 corrupta
748 646 878 726 superbo
1046 659 1097 712 18⁰

106 732 175 792 Plus
207 732 290 792 aloes
324 748 408 808 quam
429 729 524 790 mellis
547 730 644 790 habet.
685 730 757 805 Quis
778 731 893 791 deditus
916 741 1012 793 autem

106 815 208 894 Usque
230 813 305 875 adeo
331 822 393 889 est,
419 822 529 874 utnon
552 814 646 890 illam,
672 833 756 894 quam
777 815 911 876 laudibus
935 817 1031 893 edent,

106 899 233 959 Horreat
253 898 340 976 inque
362 898 438 958 diem
459 899 589 977 septenis
612 898 707 958 oderit
730 897 834 958 horis?

107 983 257 1056 Quaedam
278 999 368 1060 parra
388 981 522 1060 quidem,
546 981 600 1042 sed
620 999 679 1042 non
697 983 850 1044 toleranda
871 984 990 1044 maritis.

106 1066 180 1126 Nam
203 1065 271 1144 quid
292 1066 455 1141 rancidius,
478 1083 562 1145 quarn
582 1066 660 1144 quod
684 1083 796 1127 senon
818 1076 898 1145 putat
920 1067 979 1127 ulla
1045 1075 1095 1130 185

107 1150 292 1224 Formosam,
317 1150 372 1208 nisi
398 1167 473 1228 quac
495 1150 532 1208 de
556 1148 651 1210 Tusca
673 1148 817 1210 Graecula
839 1151 916 1212 iacta
939 1161 995 1227 est,

105 1235 153 1294 De
174 1232 358 1293 Sulmonensi
379 1251 458 1292 mera
481 1231 643 1311 Cecropis?
667 1236 761 1294 omnia
783 1253 904 1312 graece,

107 1317 202 1390 Quum
224 1317 261 1376 sit
280 1324 366 1395 turpe
386 1318 478 1394 magis
501 1318 608 1376 nostris
628 1318 744 1377 nescire
766 1318 863 1379 latine.

107 1401 171 1462 lloc
193 1416 330 1462 sermone
353 1409 476 1479 pavent,
500 1401 558 1460 hoc
580 1402 666 1476 iram,
688 1401 809 1478 gaudia,
834 1419 929 1477 curas,

106 1485 171 1546 lloc
193 1492 295 1545 cuncta
317 1484 464 1544 effundunt
485 1485 569 1544 animi
591 1492 722 1545 sennem:
746 1484 814 1563 quid
836 1482 931 1545 ultra?
1045 1495 1096 1548 190

106 1566 310 1629 Goncumbunt
330 1585 449 1645 graece.
482 1567 583 1628 Dones
604 1576 700 1628 tamen
720 1569 776 1629 ista
797 1567 919 1645 puellis:

106 1653 188 1713 Tune
211 1653 311 1726 etiam,
335 1669 420 1731 quam
442 1661 543 1712 sextus
565 1661 594 1710 et
617 1653 815 1730 octogesimus
839 1669 930 1712 annus

105 1737 220 1812 Pulsat,
244 1737 337 1798 adhuc
358 1733 489 1814 graece?
511 1753 568 1795 non
591 1744 637 1794 est
657 1734 705 1795 hic
729 1752 822 1795 sermo
846 1736 969 1814 pudicus

104 1820 138 1881 ln
162 1819 271 1880 vetula.
311 1818 435 1892 Quoties
459 1820 598 1880 lascivum
620 1821 776 1880 intervenit
798 1818 868 1880 illud

105 1897 177 1982 Ζωὴ
199 1901 251 1964 nol
273 1896 370 1982 ψυχή,
392 1904 479 1965 modo
502 1904 555 1965 suh
578 1904 676 1964 lodice
697 1904 809 1964 relictis
1044 1915 1094 1968 195

104 1989 205 2050 Uteris
227 1988 255 2046 in
275 1986 372 2056 turba;
397 1988 474 2067 quod
497 1989 572 2048 enirn
595 2005 653 2047 non
676 1989 786 2048 excitet
806 1989 915 2064 inguen

103 2074 173 2133 Vox
195 2070 303 2132 blanda
325 2080 355 2131 et
375 2070 520 2151 nequam?
542 2072 649 2149 digitos
671 2070 774 2139 habet;
797 2080 828 2130 ut
847 2079 943 2130 tamen
961 2087 1061 2131 omnes

104 2155 264 2217 Subsident
293 2156 412 2232 pinuae,
435 2155 516 2216 dicas
536 2155 610 2215 haec
632 2154 748 2214 mollius
767 2153 877 2213 Haemo

105 2241 285 2318 Quamquam
309 2247 338 2298 et
360 2235 569 2318 Carpophoro,
595 2238 688 2299 iacies
710 2246 758 2297 tua
781 2245 928 2315 computat
950 2256 1050 2299 annos

149 2323 180 2384 Si
206 2322 259 2382 tihi
281 2323 417 2400 legitimis
438 2332 552 2402 pactam
574 2323 757 2400 iunctamque
779 2320 896 2381 tabellis
1043 2335 1095 2386 200

104 2408 171 2468 Non
194 2425 227 2466 es
252 2415 411 2483 amaturus,
435 2407 559 2467 ducendi
581 2407 660 2467 nulla
683 2405 798 2467 videtur

105 2488 221 2567 Causa,
247 2509 303 2551 uec
325 2499 372 2550 est
411 2508 502 2569 quare
526 2508 647 2551 coenam
671 2499 701 2551 et
721 2498 870 2559 mustacea
893 2491 1000 2569 perdas

105 2574 234 2635 habente
257 2575 355 2634 cilicio
379 2574 475 2634 crudis
502 2575 650 2651 donanda,
673 2593 729 2635 nec
751 2572 833 2650 illud,

106 2657 193 2731 Quod
215 2660 306 2736 prima
327 2675 382 2736 pro
405 2667 492 2718 nocte
516 2660 613 2736 datur,
638 2677 724 2738 quum
745 2659 830 2719 lance
851 2657 938 2719 beata

103 2742 232 2802 Dacicus
253 2751 282 2802 et
304 2743 414 2820 scripto
434 2742 528 2802 radiat
548 2742 735 2803 Germanicus
757 2758 838 2803 auro.
1042 2754 1094 2806 205

104 2826 137 2885 Si
160 2825 213 2886 tibi
235 2824 405 2904 simplicitas
426 2827 545 2902 uxoria,
566 2827 681 2887 deditus
702 2826 750 2886 uni

104 2908 158 2969 Est
181 2910 308 2986 animus,
331 2909 473 2970 summitte
495 2919 582 2989 caput
605 2912 721 2971 cervice
745 2916 845 2989 parata

103 2991 197 3053 Ferre
219 2994 332 3071 iugum;
356 2992 462 3054 nullam
484 2995 631 3071 iuvenies,
655 3013 729 3073 quae
751 3001 852 3072 parcat
877 2994 989 3055 amanti.

104 3076 217 3137 Ardeat
239 3079 303 3155 ipsa
323 3077 409 3153 licet,
435 3079 585 3138 tormentis
607 3079 715 3156 gaudet
737 3077 856 3137 amantis

104 3159 141 3219 Et
163 3161 285 3239 spoliis;
308 3161 396 3236 igitur
419 3160 509 3238 longe
532 3163 624 3222 minus
645 3161 723 3221 utilis
746 3160 788 3220 illi
1041 3171 1093 3224 21⁰

106 3242 204 3319 Uxor,
230 3244 360 3322 quisquis
385 3244 440 3303 erit
461 3244 555 3305 bonus
579 3244 781 3324 optandusque
804 3246 932 3305 maritus.

103 3325 151 3386 Nil
172 3344 307 3406 umquam
330 3328 418 3388 invita
440 3326 561 3388 donabis
587 3331 728 3405 coniuge,
752 3329 864 3389 vendes

105 3409 164 3470 llac
187 3410 322 3471 obstante
344 3411 432 3488 nihil,
456 3411 541 3488 nihil,
565 3414 640 3473 haec
662 3411 803 3487 sicelet,
828 3420 953 3480 emetur;

105 3492 184 3554 llaec
204 3493 285 3555 dabit
307 3495 445 3570 allectus,
469 3494 520 3554 ille
546 3496 716 3556 excludatur
738 3496 846 3554 amicus

144 3597 199 3637 cuv.
222 3599 284 3637 sar.
906 3578 925 3629 3
