2626 4006
209 254 251 317 18
537 265 571 310 n.
590 263 660 311 run.
677 241 863 310 1111111111

211 405 266 479 Qui
288 403 371 462 locus
391 401 525 479 ingenio,
548 400 603 459 nisi
625 417 710 479 quum
732 418 765 458 se
786 400 912 459 carmine
933 399 999 459 solo

92 484 98 502 '
209 487 324 547 Vexant
347 494 376 545 et
396 485 518 545 dominis
542 480 662 543 Cirrhae
684 481 840 562 Nysaeque
863 483 995 543 feruntur

209 572 333 631 Pectora
355 577 470 644 restra,
494 568 564 628 duas
585 584 643 626 non
666 566 843 626 admittentia
865 563 971 626 ourasl
1167 578 1203 631 65

209 653 332 731 blagnae
353 653 456 712 mentis
477 668 550 730 opus
572 668 628 710 nec
649 648 686 709 de
709 649 805 710 lodice
827 651 955 728 paranda

209 738 374 813 Attonitae,
397 753 498 797 currus
520 743 550 794 et
571 750 664 812 equos
684 732 835 814 faciesque
856 734 977 794 deorum

210 821 354 900 hspioere
390 830 419 879 et
441 819 533 898 qualis
555 817 689 878 Rutulum
711 817 868 877 confundat
888 815 1005 891 Erinys.

208 904 281 964 Nam
305 905 329 963 si
349 903 481 981 Vergilio
503 920 576 980 puer
598 911 626 961 et
643 900 798 960 tolerabile
821 901 942 961 deesset

209 987 386 1066 Hospitium,
410 986 549 1046 caderent
572 1003 672 1045 omnes
694 1003 710 1044 a
735 985 861 1045 crinibus
883 983 981 1060 hydri:
1167 996 1203 1051 70

210 1071 302 1132 Surda
325 1069 394 1130 nihil
416 1078 548 1146 gemeret
565 1087 655 1146 grave
676 1067 813 1135 buccina;
837 1070 1002 1147 poscimus,
1026 1077 1057 1128 ut
1079 1071 1117 1129 sit

209 1154 275 1214 Non
296 1155 389 1213 minor
409 1154 526 1231 antiquo
547 1153 700 1213 Rubrenus
721 1150 821 1230 Lappa
845 1151 998 1228 cothurno,

211 1238 299 1298 (iuius
322 1246 352 1296 et
373 1236 506 1297 alveolos
530 1247 561 1296 et
582 1237 694 1296 laenam
714 1235 847 1313 pignerat
869 1232 999 1295 Atreus?

210 1322 275 1382 Non
297 1320 386 1381 babet
408 1320 509 1380 infelix
530 1319 678 1395 Numitor,
701 1320 780 1398 quod
802 1321 893 1380 mittat
914 1321 1027 1380 amico:

210 1405 368 1479 Quintillae
388 1406 465 1484 quod
488 1404 592 1479 donet,
616 1403 719 1466 habet:
743 1421 799 1463 neo
821 1403 912 1463 deluit
930 1403 983 1480 illi,
1170 1412 1205 1467 ts

210 1490 293 1550 Unde
316 1499 427 1548 emeret
445 1488 532 1549 multa
555 1488 733 1567 pascendum
755 1505 842 1546 carne
863 1485 980 1548 leonem

209 1573 268 1634 lam
290 1572 444 1633 domitum:
465 1581 579 1632 constat
599 1572 703 1632 leviori
725 1570 823 1630 bellua
846 1580 960 1649 sumptu

209 1657 363 1732 Nimirum,
386 1666 416 1715 et
436 1657 552 1734 capiunt
570 1655 636 1733 plus
657 1656 790 1714 intestina
812 1663 930 1733 poetae.

212 1739 371 1801 contentus
393 1739 468 1798 lama
491 1741 586 1799 iaceat
607 1738 738 1798 Lucanus
760 1739 788 1798 in
809 1738 902 1798 hortis

212 1823 397 1883 Marmoreis:
422 1831 451 1881 at
470 1823 597 1882 Serrano
618 1823 754 1900 tenuique
775 1823 875 1882 Saleio
1170 1833 1207 1886 80
1304 1871 1305 1898 ,

213 1906 310 1967 Gloria
333 1905 512 1985 quantalibet
534 1905 601 1984 quid
620 1907 689 1982 erit,
714 1908 739 1965 si
762 1906 857 1984 gloria
880 1913 987 1966 tantum
1008 1903 1074 1967 est?

213 1989 341 2050 Curritur
363 1990 399 2051 ad
418 2005 521 2050 vocem
543 1990 694 2050 iucundam
717 1999 746 2049 et
768 2008 884 2050 carmen
907 1990 1017 2050 amicae

211 2073 398 2150 Thebaidos,
420 2073 524 2135 laetam
546 2091 631 2153 quum
652 2073 724 2132 lecit
745 2074 853 2134 Statius
875 2072 977 2133 urbem

211 2158 405 2236 Promisitque
425 2158 513 2218 diem:
537 2167 613 2218 tanta
636 2158 791 2218 dulcedine
813 2167 916 2236 captos

213 2242 313 2301 11111111
334 2242 384 2302 1111
407 2243 533 2317 animos,
556 2250 691 2321 tantaque
714 2242 832 2303 libidine
853 2241 934 2318 vulgi
1168 2251 1203 2305 85

212 2326 348 2393 Auditum
372 2326 425 2386 sed
447 2343 534 2404 quum
556 2325 644 2402 fregit
665 2324 806 2385 subsellia
826 2343 925 2401 versu,

212 2408 329 2484 Esurit,
350 2410 486 2469 intactam
507 2407 601 2468 Paridi
622 2411 677 2468 nisi
697 2408 796 2469 vendit
816 2409 948 2488 Agaven.

212 2492 266 2552 1111
289 2501 319 2552 11
337 2492 456 2552 militiae
476 2491 572 2551 multis
593 2493 715 2570 largitus
734 2492 875 2553 honorem

214 2576 374 2634 Semenstri
397 2575 504 2651 digitos
527 2585 623 2635 vatum
646 2577 827 2654 circumligat
850 2593 930 2636 auro.

214 2658 300 2732 Quod
321 2675 379 2717 uon
401 2658 469 2718 dant
490 2676 649 2736 proceres,
671 2659 750 2721 dabit
769 2661 888 2721 histrio:
908 2669 938 2719 tu
959 2656 1129 2720 Camerinos
1170 2669 1205 2724 90

213 2740 250 2801 Et
271 2741 408 2818 barcam,
431 2751 461 2801 tu
480 2742 619 2803 nobilium
640 2762 742 2821 magna
764 2746 836 2804 atria
859 2740 965 2804 curasi

213 2825 383 2886 Praefectos
403 2825 532 2904 Pelopea
554 2826 639 2904 lacit,
664 2828 823 2888 Philomela
845 2827 985 2888 tribunos.

212 2909 295 2970 llaud
316 2919 411 2970 tamen
433 2910 565 2970 invideas
585 2914 660 2988 vati,
683 2929 768 2990 quem
791 2912 901 2991 pulpita
923 2919 1054 2989 pascunt.

215 2992 286 3066 Quis
307 2992 358 3052 tibi
372 2991 545 3070 llaecenas,
565 2998 629 3074 quis
653 3012 728 3055 nuno
751 2997 806 3056 erit
822 3004 870 3056 aut
892 2993 1063 3055 Proculeius

213 3076 272 3135 Aut
293 3074 419 3137 Fabius?
441 3079 505 3158 quis
528 3075 613 3140 Cotta
634 3081 752 3154 iterum,
777 3081 841 3159 quis
861 3077 999 3139 Lentulus
1020 3075 1116 3138 alter?
1169 3087 1204 3142 95

214 3160 295 3220 ’1111
313 3179 367 3238 par
389 3163 506 3240 ingenio
527 3165 664 3240 pretium;
689 3172 757 3222 tunc
780 3163 849 3222 utile
871 3161 967 3222 multis

213 3243 329 3303 Pallere
351 3253 381 3304 11
402 3248 497 3305 vinum
517 3254 579 3305 toto
600 3248 715 3306 nescire
737 3245 904 3307 Decembri.

254 3327 361 3388 Vester
381 3346 470 3407 porro
491 3328 575 3389 labor
596 3330 764 3405 secundior,
785 3330 968 3391 historiarum

213 3408 404 3488 Scriptores?
425 3413 497 3490 petit
518 3412 565 3472 1111
587 3413 652 3491 plus
673 3415 814 3492 temporis
836 3423 921 3492 atque
944 3413 1003 3473 olei
1025 3411 1107 3492 plus;

213 3492 300 3554 Nullo
321 3495 429 3572 quippe
448 3494 535 3554 modo
557 3496 709 3556 millesima
730 3499 835 3574 pagina
857 3498 949 3574 surgit
1151 3505 1205 3558 100
