2600 4006
404 311 406 316 ι
498 235 624 298 sununs
645 251 696 296 111.
1052 244 1092 306 ῃ

100 390 199 469 Atque
224 388 423 466 obiter‘leget
446 399 497 463 aut
515 389 624 448 scribet
646 389 695 449 vel
718 390 841 449 dormiet
863 392 953 459 intus:

100 474 232 556 Namque
255 473 324 532 facit
346 490 476 532 somnum
493 474 592 533 clausa
612 473 717 534 lectica
739 474 878 534 fenestra.

100 559 178 618 Ante
199 566 294 616 tamen
314 557 426 616 veniet:
449 556 533 617 nobis
555 557 780 635 properantibus
803 558 899 619 obstat

101 641 184 702 Unda
206 642 303 719 prior,
326 656 432 716 magno
454 640 582 719 populus
604 643 710 719 premit
730 642 844 719 agmine
865 642 989 713 lumbos,

101 725 158 799 Qui
175 726 321 803 sequitur:
345 725 413 784 ferit
433 725 481 784 hie
501 724 615 801 cubito,
637 725 705 785 ferit
728 742 829 796 assere
853 725 925 785 duro
1039 738 1091 792 245

100 808 202 884 Alter,
224 816 253 868 at
273 808 321 867 bic
343 810 452 885 tignum
471 809 558 887 capiti
577 810 694 884 incutit,
714 808 765 868 ille
788 818 948 874 metretam.

101 893 222 968 Pinguia
244 910 328 951 crura
351 891 426 961 luto;
451 893 548 970 planta
567 909 635 952 mox
656 889 782 971 undique
802 911 905 970 magna

102 975 210 1034 Galcor
230 984 259 1034 et
278 976 306 1034 in
327 976 419 1052 digito
443 974 543 1036 clauus
565 975 632 1035 milri
653 976 750 1036 militis
770 976 885 1038 haeret.

99 1057 203 1118 Nonne
225 1058 324 1135 uides,
348 1068 454 1137 quanto
478 1058 644 1119 celebretur
666 1060 798 1138 sportula
818 1053 924 1121 fumo‘l¹

101 1141 223 1202 Centum
246 1144 406 1219 convivae3
430 1144 561 1221 sequitur
578 1161 629 1202 sua
651 1161 795 1223 quemque
818 1145 923 1205 culina.
1038 1158 1091 1210 250

100 1223 230 1286 Corbulo
253 1227 302 1285 vix
323 1226 416 1286 ferret
436 1236 480 1286 tot
503 1244 573 1286 vasa
593 1228 737 1304 ingentia,
760 1236 804 1286 tot
824 1246 873 1288 res

99 1310 253 1389 impositas
275 1312 380 1388 capiti,
404 1329 475 1389 quas
497 1319 580 1370 recto
602 1312 714 1370 vertice
736 1320 834 1389 portat

90 1394 240 1464 ¹seruulus
262 1393 363 1453 infelix
386 1403 415 1454 et
435 1412 522 1457 cursu
545 1394 665 1454 ventilat
685 1396 790 1472 iguem.

100 1477 275 1548 Scinduntur
294 1479 408 1537 tunicae
431 1471 528 1539 sartae
549 1477 652 1547 modo:
677 1478 765 1555 longa
787 1487 924 1539 coruscat

99 1563 224 1620 Serraco
247 1563 383 1622 veniente
403 1561 503 1638 abies,
526 1571 613 1640 atque
635 1561 726 1622 altera
747 1563 843 1640 pinum
1038 1577 1091 1628 255

98 1644 230 1705 Plaustra
250 1644 373 1714 vebunt;
396 1655 496 1706 nutant
517 1645 576 1704 alte
593 1646 763 1724 populoque
787 1646 937 1706 minantur.

99 1727 171 1788 Nam
194 1729 218 1787 si
239 1728 410 1808 procubuit,
434 1731 483 1808 qui
505 1747 575 1789 saxa
596 1727 744 1806 Ligustica
765 1735 863 1806 portat

101 1811 190 1888 Axis,
215 1821 244 1872 et
267 1831 400 1874 eversum
421 1813 494 1873 fudit
516 1831 605 1891 super
627 1814 739 1890 agmina
760 1820 899 1888 montem,

100 1894 176 1968 Quid
198 1905 335 1974 superest
356 1896 393 1955 de
412 1895 607 1974 corporibus?
629 1898 693 1974 quis
712 1895 856 1971 membra,
875 1897 939 1974 quis
963 1914 1030 1956 ossa

99 1975 233 2038 inveniti
250 1979 395 2039 obtritum
416 1979 496 2057 uulgi
517 1981 592 2058 perit
614 1997 698 2039 omne
722 1980 849 2039 cadaver
1037 1992 1090 2045 260
1124 1993 1126 1996 ’

98 2059 181 2124 blore
202 2064 328 2132 animae;
350 2062 452 2122 domus
474 2064 585 2122 interea
607 2080 711 2122 secura
733 2062 859 2141 patellas

97 2145 157 2206 lam
179 2145 257 2206 lavat
278 2156 308 2205 et
329 2146 423 2206 bucca
445 2146 573 2206 foculum
595 2148 704 2206 excitat
725 2155 862 2210 etsonat
884 2147 976 2206 unctis

97 2229 254 2306 striglibus
278 2239 308 2290 et
328 2230 417 2308 pleno
442 2231 588 2307 componit
608 2230 696 2289 lintea
717 2229 817 2307 guttoi

95 2304 178 2372 llaec
200 2315 274 2372 inter
294 2331 403 2392 pueros
425 2314 506 2374 varie
527 2322 734 2392 properantur:
757 2313 860 2375 atille

96 2395 156 2456 lam
174 2396 259 2457 sedet
280 2399 309 2456 in
329 2400 393 2476 ripa
415 2406 579 2475 tetrumque
602 2398 732 2457 novicius
754 2396 857 2456 horret
1036 2410 1089 2464 aaa

94 2479 266 2556 Porthmea‚
288 2500 345 2541 nec
368 2491 468 2559 sperat
491 2484 612 2541 coenosi
626 2481 756 2559 gurgitis
778 2480 872 2540 alnum

96 2563 222 2639 infelix,
245 2583 300 2625 nec
323 2564 411 2626 babet
433 2583 518 2644 quem
541 2567 671 2643 porrigat
691 2581 742 2624 ore
763 2567 906 2630 trientem.

137 2647 268 2726 Respice
288 2666 363 2707 nunc
386 2649 442 2708 alia
463 2667 499 2709 ac
521 2651 636 2711 diversa
657 2649 788 2727 pericula
810 2649 920 2708 noctis:

95 2730 182 2805 Quod
206 2733 329 2810 spatium
350 2733 437 2791 tectis
459 2731 646 2808 sublimibus,
673 2732 748 2792 unde
771 2733 922 2793 cerebrum

94 2814 186 2876 Testa
208 2816 291 2890 ferit,
316 2817 432 2894 quoties
455 2817 562 2876 rimosa
580 2826 608 2876 et
630 2813 709 2876 curta
733 2817 870 2877 fenestris
1037 2827 1088 2880 270

92 2899 173 2959 Vasa
195 2899 316 2969 oadunt3
338 2908 445 2978 quanto
466 2917 637 2978 percussum
658 2899 790 2978 pondere
813 2902 929 2976 signent

93 2981 131 3042 Et
149 2983 265 3044 laedant
283 2984 405 3044 silicem.
451 2984 550 3043 Possis
572 2986 693 3061 ignarus
715 2981 816 3042 baberi

94 3067 131 3126 lit
154 3067 241 3127 subiti
265 3085 350 3126 casus
373 3067 566 3145 improvidus,
590 3068 626 3127 ad
649 3083 770 3126 coenam
790 3067 814 3124 si

92 3150 251 3210 Intestatus
272 3169 338 3220 oas;
361 3151 435 3213 adeo
458 3160 501 3211 tot
522 3150 597 3226 lata,
622 3159 692 3229 quot
715 3150 764 3210 illa

92 3233 190 3293 Nocte
208 3243 308 3312 patent
328 3234 435 3312 uigiles
458 3243 488 3315 te
507 3243 714 3312 praetereunte
735 3234 893 3295 fenestrae.
1035 3241 1087 3296 275

91 3316 174 3395 Ergo
197 3327 282 3396 optes
303 3317 461 3396 votumque
484 3319 563 3378 feras
583 3317 749 3378 miserabile
770 3327 877 3393 tecum,

74 3400 129 3480 ¹Ut
152 3403 209 3459 sint
231 3408 386 3480 contentae
408 3403 522 3480 patulas
546 3401 704 3462 defundere
727 3401 840 3480 pelves.

90 3482 199 3544 Ebrius
221 3501 258 3544 ac
276 3485 428 3562 petulans,
452 3485 500 3563 qui
522 3484 630 3545 nullum
650 3487 727 3546 forte
749 3487 864 3561 cecidit,

131 3588 190 3627 mv.
208 3588 270 3626 sar.
811 3616 813 3622 .
889 3579 906 3630 2
