2600 4006
505 279 630 328 santus
651 282 675 328 Ι.

79 421 159 499 lpse,
185 418 351 477 lacernatae
373 433 459 495 quum
480 436 513 477 se
534 420 655 479 iactaret
677 421 800 480 amicae!

78 501 184 563 Nonne
208 500 279 560 libet
296 499 392 560 medio
415 518 500 560 ceras
523 497 645 581 implere
668 521 793 582 capaces

79 585 259 662 Quadrima,
283 601 368 662 quum
386 583 441 643 iam
467 593 551 645 sexta
573 588 690 646 cervice
711 588 837 664 feratur,

77 671 154 731 llinc
176 677 263 747 atque
285 666 350 726 inde
372 676 475 745 patens
497 687 533 729 ac
554 670 630 730 nuda
651 687 746 749 paene
770 671 908 732 cathedra
1035 679 1067 734 6⁵

77 755 116 814 m
139 753 258 813 multum
277 750 411 810 relerens
434 752 470 811 de
493 751 665 814 Maecenate
688 756 810 833 supino,

78 840 219 916 Signator
241 835 335 910 falso,
360 837 409 912 qui
431 853 465 894 se
488 835 596 897 lautum
618 847 706 916 atque
728 838 843 899 beatum

77 922 201 998 Exiguis
222 919 327 979 tabulis
350 928 379 979 et
398 936 512 996 gemma
531 921 644 981 fecerat
663 919 741 983 udal

78 1006 215 1065 Occurrit
233 1012 362 1063 matrona
386 1012 510 1081 potens,
534 1023 609 1083 quae
631 1005 720 1065 molle
744 1004 882 1066 Calenum

77 1091 253 1149 Porrectura
274 1089 338 1146 viro
357 1089 460 1147 miscet
481 1088 596 1148 sitiente
616 1088 763 1165 rubetam,
1035 1095 1070 1150 to

77 1173 261 1252 lnstituitque
283 1170 372 1232 rudes
390 1172 496 1232 melior
516 1171 640 1233 Lucusta
661 1175 841 1252 propinquas

80 1257 135 1321 Per
156 1255 261 1316 lamam
282 1263 311 1315 et
333 1254 472 1333 populum
493 1256 594 1333 nigros
618 1256 725 1317 efferre
745 1258 873 1316 maritos.

78 1339 165 1400 Ande
186 1339 293 1417 aliquid
315 1337 455 1400 brevibus
480 1337 582 1414 Gyaris
605 1349 634 1400 et
657 1359 777 1417 cqrcere
800 1340 932 1417 dignum,

78 1425 110 1485 Si
129 1424 175 1483 vis
197 1440 265 1482 esse
287 1422 411 1502 aliquid:
436 1421 567 1502 probitas
590 1422 721 1484 landatur
739 1433 769 1484 et
790 1423 882 1500 alget,

79 1505 253 1568 Criminibus
276 1505 383 1565 debent
403 1506 521 1584 hortos,
544 1509 707 1586 praetoria,
730 1503 864 1581 mensas,
1034 1515 1067 1568 '15

78 1592 239 1669 Argentum
258 1597 342 1648 vetus
365 1599 394 1648 et
415 1599 537 1650 stantem
559 1599 641 1652 extra
663 1592 771 1670 pocula
793 1608 919 1668 caprum.

79 1676 172 1750 Quem
194 1673 300 1752 patitur
322 1672 448 1734 dormire
469 1692 557 1733 nurus
580 1683 735 1754 cormptor
757 1692 878 1750 avarae,

80 1761 173 1832 Quem
195 1772 323 1836 sponsae
346 1765 446 1835 turpes
469 1766 498 1816 et
516 1766 715 1835 praetextatus
739 1755 873 1820 adulter?

79 1845 110 1902 Si
131 1851 232 1901 natura
254 1849 358 1918 negat,
380 1840 449 1900 lacit
470 1841 629 1919 indignatio
650 1861 782 1920 versum,

81 1925 318 2003 Qualemounque
341 1932 456 2002 potest,
480 1925 583 2004 quales
606 1944 663 2005 ego
684 1927 734 1987 vel
756 1925 922 1987 Cluuienus.
1032 1933 1067 1986 80

142 2007 188 2069 Ex
210 2024 268 2088 quc
290 2007 453 2068 Deucalion
473 2007 575 2068 nimbis
595 2010 764 2070 tollentibus
782 2027 895 2088 aequor

78 2091 203 2170 Navigio
225 2101 351 2152 montem
373 2091 504 2152 ascendit
523 2101 679 2172 sortesque
701 2094 855 2172 poposcit,

79 2176 276 2254 Paulatimque
298 2177 391 2235 anima
414 2175 563 2236 caluerunt
583 2176 682 2236 mollia
704 2193 791 2250 saxa,

79 2259 118 2319 Et
139 2258 265 2318 maribus
287 2259 378 2320 nudas
399 2259 526 2320 ostendit
548 2259 658 2335 Pyrrha
680 2259 805 2338 puellas,

80 2342 225 2420 Quidquid
243 2342 494 2421 arganthonium,
510 2353 625 2419 votnm,
641 2345 741 2420 timor,
760 2345 817 2419 ira,
833 2341 987 2421 voluptas,
1031 2351 1065 2404 85

80 2426 205 2501 Gaudia,
229 2426 396 2504 discursus,
418 2429 510 2486 nostri
531 2428 649 2505 farrago
672 2427 764 2488 libelli
787 2436 841 2488 est.

79 2509 117 2570 m
139 2509 253 2588 quando
276 2510 397 2571 uberior
416 2513 552 2571 vitiorum
574 2509 681 2591 copia?
703 2511 816 2590 quando

78 2593 173 2653 blaior
195 2594 333 2654 avaritiae
354 2596 445 2672 patuit
464 2593 565 2655 sinusl
588 2596 788 2674 alea,quandc

78 2676 140 2736 llos
160 2675 292 2736 animos?
313 2695 409 2757 neque
432 2680 507 2740 enim
528 2678 634 2740 loculis
656 2679 858 2740 comitantibus
881 2679 937 2738 itur

78 2759 124 2821 Ad
150 2778 249 2821 casum
269 2761 401 2836 tabulae,
422 2765 517 2840 posita
538 2763 591 2822 sed
612 2763 720 2823 luditur
741 2781 819 2824 arca.
1035 2769 1070 2822 90

78 2843 197 2905 Proelia
219 2854 324 2923 querna
343 2845 404 2905 illic
424 2846 628 2925 dispensatore
650 2846 763 2906 videbis

78 2928 252 3004 Armigerol
275 2928 436 3008 simplexne
456 2929 538 2989 furor
559 2930 697 2989 sestertia
719 2935 834 2988 centum

79 3012 210 3072 Perdere
233 3021 263 3071 et
281 3011 410 3072 horrenti
432 3014 556 3073 tunicam
578 3028 636 3071 non
657 3011 783 3072 reddere
805 3007 916 3069 servo?

80 3096 152 3169 Quis
175 3095 296 3155 totidem
319 3098 413 3156 erexit
433 3097 535 3172 villas,
559 3097 622 3175 quis
642 3095 755 3155 fercula
776 3103 890 3173 septem

80 3181 206 3239 Secreto
230 3182 364 3240 coenavit
382 3177 475 3240 avus?
495 3197 571 3239 nunc
591 3179 721 3258 sportula
743 3179 835 3259 primo
1034 3185 1068 3238 9o

78 3263 188 3322 limine
211 3280 302 3343 parva
323 3263 423 3340 sedet,
447 3263 549 3323 turbae
569 3262 707 3342 rapienda
727 3270 862 3340 togatae:

78 3346 133 3407 llle
156 3356 255 3408 tamen
276 3345 381 3408 faciem
402 3349 482 3427 prius
502 3347 619 3426 inspicit
641 3355 672 3407 et
692 3347 834 3425 trepidat,
857 3364 894 3405 nc

80 3431 259 3510 Suppositus
279 3433 380 3492 venias
403 3450 439 3492 ao
456 3431 531 3492 falso
550 3432 665 3491 nomine
685 3446 804 3511 poscas.

82 3514 203 3592 Agnitus
225 3517 370 3594 accipies;
393 3515 511 3576 iubete
533 3532 680 3594 praecone
704 3514 805 3574 vocari
822 3594 865 3654 μ
