2626 4006
208 268 248 329 78
540 277 576 324 n.
600 277 670 324 mn.
694 277 881 324 ruvunnurs

208 421 323 480 Sumine
351 434 413 478 cum
435 433 539 493 magno
563 416 646 493 lepus
672 425 758 493 atque
783 433 855 494 aper
878 425 908 475 et
930 435 1080 496 pygargus

208 503 243 564 lte
271 501 426 576 Scythicae
451 500 590 560 uolucres
616 507 645 559 et
671 499 919 578 phoenicopterus
947 503 1049 578 ingens

208 587 244 647 Et
267 585 405 647 Gaetulus
429 601 503 659 oryx
528 582 627 642 hebeti
647 582 803 642 lautissima
828 583 908 643 ferro
1147 597 1198 650 140

208 670 345 732 Caeditur
371 678 399 728 et
425 677 484 728 tota
510 675 593 726 sonat
612 666 707 726 ulmea
733 683 825 725 coena
849 667 972 726 Subura.

207 753 270 813 Nec
292 753 412 812 inustum
438 768 563 829 capreae
589 750 752 810 subducere
779 768 834 809 nee
859 751 934 810 latus
962 751 1052 811 Afrae

207 836 294 897 Novit
319 837 380 896 avis
404 844 519 910 noster,
548 833 706 894 tirunculus
734 851 769 893 ae
793 833 873 892 rudis
898 837 973 895 omni

208 919 353 998 Tempore
381 928 410 978 et
437 920 561 995 exiguae
585 919 668 978 frutis
696 917 820 976 imbutus
850 917 970 977 ofellae.

207 1004 345 1064 Plebeios
371 1002 480 1062 calices
505 1011 534 1061 et
558 1002 659 1079 paucis
683 1000 797 1060 assibus
819 1010 934 1079 emptos
1146 1015 1198 1070 145
1306 1027 1307 1034 κ

207 1087 341 1163 Porrigat
368 1085 491 1145 incultus
517 1102 591 1162 puer
612 1093 699 1162 atque
722 1101 738 1142 a
761 1084 872 1161 frigore
897 1094 989 1154 tutus;

207 1169 271 1230 Non
293 1169 389 1243 Phryx
417 1178 465 1228 aut
486 1167 603 1242 Lycius,
624 1163 693 1242 [non
721 1185 737 1228 a
763 1185 907 1244 mangone
932 1170 1040 1247 petitus

208 1254 364 1331 Quisquam
388 1253 457 1311 erit:
480 1253 508 1310 in
528 1251 641 1328 magno]
655 1268 740 1328 quum
763 1257 888 1330 posces,
911 1269 1004 1330 posce
1028 1252 1126 1312 latine.

206 1337 286 1397 ldem
312 1335 425 1395 babitus
454 1336 583 1411 eunetis,
609 1337 685 1395 tonsi
711 1337 843 1412 rectique
867 1335 965 1413 capilli

191 1421 304 1506 ⁸Atque
327 1419 415 1479 bodie
440 1427 546 1478 tanturn
569 1427 691 1498 propter
711 1420 842 1479 convivia
865 1421 943 1497 pexi.
1147 1433 1198 1484 150

207 1505 337 1564 Pastoris
360 1503 422 1563 duri
442 1502 490 1563 bic
512 1511 557 1561 est
580 1502 671 1578 filins,
698 1502 748 1562 ille
771 1501 899 1562 bubulci.

208 1589 340 1666 Suspirat
366 1586 455 1664 longo
482 1603 539 1645 non
559 1587 650 1645 visam
673 1597 806 1664 tempore
833 1595 964 1661 matrem,

207 1671 245 1731 Et
270 1671 397 1731 casulam
419 1679 447 1729 et
471 1679 557 1730 notos
579 1670 670 1729 tristis
695 1670 843 1731 desiderat
864 1669 986 1746 haedos,

206 1755 327 1831 lngenui
350 1752 447 1812 vultus
470 1771 545 1830 puer
566 1754 741 1832 ingenuique
762 1753 894 1831 pudoris,

207 1919 270 1980 Nee
293 1918 454 1999 pupillares
476 1918 572 1978 defert
598 1921 625 1978 in
653 1919 756 1980 balnea
780 1938 887 1980 raucus

207 2003 387 2079 staticulos,
410 2021 466 2063 nee
488 2002 640 2063 vellendas
664 2005 718 2064 iam
743 2004 875 2083 praebuit
897 2003 969 2080 alas,

208 2086 313 2148 Crasse
338 2105 394 2147 nee
419 2089 558 2166 opposito
586 2088 707 2165 pavidus
729 2089 801 2165 tegit
825 2089 941 2165 inguina
964 2098 1057 2164 gutto.

206 2171 260 2231 llio
286 2173 338 2233 tibi
361 2173 427 2231 vina
450 2169 528 2232 dabit
555 2170 656 2231 diffusa
682 2173 710 2230 in
733 2170 877 2232 montibus
899 2171 969 2247 illis,

207 2255 360 2333 Aquibus
383 2257 448 2334 ipse
471 2255 566 2330 venit,
591 2273 711 2334 quorum
736 2254 788 2315 sub
810 2257 922 2315 vertice
949 2255 1031 2326 lusit;
1141 2258 1197 2323 loo

206 2337 337 2418 Namque
360 2357 414 2398 uua
436 2347 523 2417 atque
543 2338 644 2399 eadem
668 2348 713 2398 est
735 2340 793 2398 viui
811 2340 903 2418 patria
926 2349 1013 2418 atque
1037 2342 1171 2402 ministri.

206 2422 339 2483 Forsitan
363 2431 537 2500 exspectes,
564 2430 595 2480 ut
620 2421 757 2482 Gaditana
780 2441 887 2484 canoro

206 2505 347 2585 lneipiant
371 2506 484 2584 prurire
514 2505 604 2565 eboro
627 2506 789 2585 plausuque
814 2506 956 2586 probatae

207 2588 252 2649 nd
278 2599 384 2650 terram
404 2588 528 2647 tremulo
555 2589 733 2650 descendant
756 2591 841 2650 clune
865 2588 1004 2669 puellae?

207 2675 349 2753 Spectant
373 2673 431 2733 boc
452 2680 559 2749 nuptae
580 2673 658 2733 iuxta
681 2673 840 2734 recubante
864 2676 977 2750 marito,
1143 2685 1194 2739 165

208 2756 292 2832 Quod
318 2757 425 2835 pudeat
448 2773 566 2816 narrare
591 2757 716 2836 aliquem
738 2758 939 2837 praesentibus
966 2760 1062 2838 ipsis„

206 2841 415 2902 lrritamentum
440 2839 566 2899 Veneris
588 2841 749 2919 languentis
773 2852 803 2901 et
825 2861 909 2903 acres

206 2926 311 2985 Divitis
335 2927 445 2985 urticae
468 2924 575 3002 (maior
596 2935 691 2986 tamen
715 2927 769 2985 ista
791 2926 927 3005 voluptas

207 3009 337 3069 Alterius
357 3027 460 3077 sexus;
487 3010 579 3086 magis
601 3010 651 3070 ille
677 3009 841 3070 extenditur
865 3018 894 3070 et
920 3026 988 3068 mox

207 3092 333 3152 Auribus
354 3102 440 3170 atque
467 3091 560 3151 oculis
583 3103 724 3172 concepta
748 3095 829 3155 urina
847 3095 1009 3172 movetur);
1145 3101 1194 3155 170

208 3175 273 3235 Non
296 3178 374 3253 capit
396 3175 449 3236 bas
473 3192 564 3252 nugas
587 3177 700 3238 humilis
723 3178 835 3238 domus.
873 3177 979 3237 Audiat
1000 3174 1051 3234 ille

207 3259 358 3320 'lestarum
385 3258 512 3336 crepitus
536 3279 599 3320 eum
624 3261 739 3338 verbis,
763 3261 867 3321 nudum
889 3260 967 3322 olido
991 3267 1068 3318 stans

206 3342 332 3403 Foruiee
355 3342 526 3420 mancipium
548 3344 651 3422 quibus
674 3345 816 3421 abstinet,
838 3345 889 3406 ille
912 3345 1022 3404 fruatur

207 3425 337 3487 Vocibus
360 3425 498 3487 obscenis
524 3429 657 3507 omnique
679 3427 803 3488 libidinis
825 3437 898 3504 arte,

208 3510 264 3583 Qui
284 3508 541 3571 Lacedaemonium
566 3513 718 3588 pytismate
740 3511 864 3571 lubricat
891 3509 1004 3576 orbem:
1142 3517 1193 3572 175
1306 3493 1307 3568 Ῠ

91 1866 125 1912 4
208 1837 318 1910 Quales
344 1854 410 1896 esse
433 1835 535 1910 decet,
561 1853 634 1914 quos
657 1837 762 1896 ardens
784 1855 911 1915 purpura
933 1839 1035 1906 vestit;
1145 1849 1195 1902 155
1306 1833 1307 1836 ¹
