2626 4006
215 247 255 309 68
287 245 290 248 ’
557 258 593 305 1).
614 257 685 304 ron.
708 254 894 304 mvarrffla

214 399 267 458 Dis
290 397 340 456 ille
365 398 496 457 adversis
520 398 636 473 genitos
658 395 777 473 latoque
801 393 930 469 sinistro,

215 480 308 554 Quem
329 489 414 558 pater
438 480 565 540 ardentis
586 496 699 539 massae
721 477 841 555 fuligine
862 477 958 555 lippus
1149 491 1202 546 1³0

215 564 242 623 A
264 563 392 624 carbone
414 572 443 624 et
465 563 625 641 forcipibus
646 561 818 639 gladiosque
840 571 961 638 parante

214 646 321 708 lnende
346 658 375 707 et
399 647 480 707 luteo
499 646 631 706 Vulcano
655 645 691 705 ad
716 643 834 704 rhetora
855 644 940 703 misit.

255 731 403 790 Bellorum
426 732 564 806 exuviae,
587 730 693 789 truncis
717 728 804 788 affixa
825 729 954 806 tropaeis

214 815 318 874 lorica
341 824 370 874 et
393 814 485 875 fracta
506 814 543 874 de
566 813 680 874 casside
703 811 826 872 buccula
849 813 990 896 pendens¹

214 897 252 958 Et
275 907 384 958 curtum
405 907 520 958 temone
542 900 638 975 iugum
658 897 812 975 victaeque
834 895 958 954 triremis
1150 908 1199 960 135

215 981 353 1060 Aplustre
379 990 408 1041 et
429 997 538 1041 summo
560 982 649 1040 tristis
672 981 803 1058 captivus
826 980 854 1038 in
875 996 944 1038 arcu

214 1065 347 1124 llomanis
368 1066 476 1125 maiora
499 1064 583 1124 bonis
606 1063 769 1124 ereduntur.
806 1062 851 1122 Ad
874 1063 930 1122 hoc
957 1081 989 1122 se

213 1147 360 1207 Romanus
385 1146 544 1227 Graiusque
568 1156 597 1206 et
621 1147 760 1207 barbarus
782 1146 971 1224 induperator

213 1230 327 1291 Erexit:
352 1248 456 1291 causas
479 1232 650 1291 discriminis
675 1240 761 1308 atque
783 1229 892 1290 laboris

213 1313 283 1374 lnde
305 1313 411 1375 habuit.
450 1313 541 1374 Tanto
563 1316 654 1374 maior
679 1314 772 1374 lamae
797 1315 858 1373 sitis
883 1323 945 1388 est,
969 1330 1053 1391 quarn
1149 1325 1199 1378 140
1301 1309 1302 1370 l

212 1399 341 1457 Virtutis.
377 1397 448 1471 Quis
470 1399 543 1458 enim
566 1400 700 1458 virtutem
722 1397 904 1477 amplectitur
926 1400 1028 1474 ipsam,

213 1481 342 1542 Praemia
364 1482 387 1541 si
408 1479 516 1543 tollas?
541 1484 660 1561 patriam
683 1490 779 1542 tamen
801 1481 897 1540 obruit
925 1480 992 1540 olim

214 1563 311 1626 Gloria
336 1583 492 1643 paucorum
514 1575 543 1625 et
567 1566 659 1626 landis
681 1565 811 1642 titulique
837 1566 942 1642 cupido

213 1647 334 1707 Haesuri
356 1650 434 1709 saxis
458 1651 586 1710 cinmum
609 1648 793 1723 custodibus,
821 1648 953 1726 adquae

213 1730 400 1791 Discutienda
421 1732 519 1792 valent
543 1732 650 1791 sterilis
673 1731 746 1791 mola
773 1731 879 1791 robora
903 1732 960 1807 lici,
1148 1745 1197 1798 145
1301 1786 1302 1816 ,

214 1811 452 1892 Quandoquidem
477 1815 542 1875 data
564 1824 629 1874 sunt
652 1816 724 1891 ipsis
748 1811 863 1894 quoqne
885 1815 944 1874 lata
970 1815 1123 1894 sepulcris.

212 1893 356 1976 Expende
378 1897 580 1958 Hannibalem:
608 1908 678 1976 quot
699 1898 788 1958 libras
810 1901 837 1957 in
860 1899 935 1958 duce
958 1916 1066 1958 summo

212 1979 367 2040 Invenies?
394 1982 442 2042 hic
465 1991 524 2059 est,
548 2000 633 2061 quem
657 1999 714 2041 non
738 1984 816 2060 capit
837 1981 937 2043 Africa
958 1981 1059 2042 lllauro

212 2065 355 2126 Percussa
377 2063 495 2126 Oceano
517 2057 643 2142 Niloqn'e
668 2065 782 2125 admota
805 2068 925 2143 tepenti,

212 2147 321 2208 Rursus
346 2149 382 2209 ad
407 2149 582 2228 Aethiopum
604 2149 731 2228 populos
754 2150 887 2227 altosque
908 2149 1090 2228 elephantos.
1147 2165 1197 2216 150
1301 2199 1302 2210 ,

212 2231 334 2292 Additur
361 2235 489 2311 imperiis
511 2232 664 2310 Hispania,
687 2233 867 2308 Pyrenaeum

210 2314 360 2384 Transilit;
385 2318 522 2394 opposuit
544 2326 643 2376 natura
665 2315 828 2396 Alpemque
852 2318 1020 2395 nivemqne:

211 2399 326 2459 Diducit
349 2400 489 2477 scopulos
512 2408 542 2458 et
563 2409 687 2460 montem
709 2404 814 2478 rumpit
838 2410 938 2470 aceto,

211 2481 269 2541 lam
294 2491 374 2542 tenet
395 2481 519 2548 ltaliam;
547 2493 642 2543 tamen
663 2483 737 2544 ultra
763 2502 889 2562 pergere
914 2484 1018 2543 tendit:

210 2563 332 2639 Actum,
356 2567 461 2643 inquit,
483 2564 551 2625 nihil
580 2576 641 2642 est,
665 2569 718 2625 nisi
740 2568 838 2628 Poeno
862 2567 950 2627 milite
973 2577 1073 2644 portas
1146 2580 1198 2632 155

209 2647 377 2723 Frangimns
403 2657 432 2707 et
454 2649 548 2709 media
570 2651 709 2711 vexillum
732 2668 809 2729 pono
833 2651 954 2711 Subura.

210 2728 234 2789 Ο
258 2731 351 2809 qualis
375 2731 466 2791 iacies
489 2742 518 2792 et
540 2734 617 2811 quali
643 2735 728 2811 digna
751 2735 869 2809 tabella,

210 2812 302 2886 Quum
326 2813 445 2875 Gaetula
471 2817 574 2877 ducem
597 2827 727 2895 portaret
747 2818 846 2878 bellua
872 2817 997 2877 luseum!

208 2893 311 2956 Exitus
335 2916 406 2976 ergo
431 2902 494 2977 quis
517 2898 582 2960 esti
608 2919 625 2960 o
648 2901 755 2979 gloria!
778 2903 901 2960 vincitur
923 2903 999 2962 idem

208 2979 321 3058 Nempe
344 2985 420 3041 etin
441 2983 557 3043 exilium
580 3003 725 3063 praeceps
747 2985 820 3062 fugit
841 2995 927 3062 atque
944 2984 986 3043 ibi
1008 3003 1129 3062 magnus
1145 2995 1197 3048 160
1301 2965 1302 3052 1

207 3061 412 3141 lilirandusque
438 3066 531 3136 cliens
558 3069 641 3128 sedet
668 3070 703 3128 ad
723 3071 870 3146 praetoria
895 3070 986 3150 regis,

209 3145 311 3206 Donec
333 3147 455 3224 Bithyno
482 3150 572 3211 libeat
594 3151 716 3228 vigilare
742 3162 873 3226 tyranno.

207 3229 307 3288 Finem
329 3234 456 3308 animae,
483 3250 557 3311 quae
584 3252 631 3292 res
657 3235 793 3294 humanas
819 3236 933 3296 miscuit
955 3236 1034 3312 olim,

207 3312 272 3372 Non
298 3313 406 3390 gladii,
429 3333 487 3374 non
509 3334 579 3376 saxa
601 3316 720 3393 dabunt,
744 3321 803 3378 nec'
822 3319 897 3393 tela,
927 3320 979 3379 red
1002 3319 1053 3378 ille

208 3393 368 3455 Cannarum
393 3397 501 3457 vindex
528 3407 557 3456 et
581 3402 650 3458 tanti
677 3404 822 3478 sanguinis
845 3403 922 3463 altor
1146 3411 1194 3464 165
1301 3419 1302 3476 l

207 3477 349 3538 Annulus:
382 3479 395 3538 l
421 3480 540 3540 demens
564 3490 595 3541 et
620 3499 723 3542 saevas
745 3503 829 3544 curre
854 3504 909 3564 per-
933 3486 1038 3563 Alpes,
