2600 4006
481 257 687 306 PRAEFATIO.
1010 260 1074 308 xlx

92 406 157 457 aum.
169 415 201 454 err
210 399 265 456 cod.
276 400 352 456 vatic.
364 400 391 457 T.
403 400 450 466 lll,
460 417 484 471 p.
497 417 564 457 xvrrr
581 403 743 474 insrgnissima
754 403 863 473 exempla
880 402 990 471 exhibet,
1010 404 1073 460 circa

92 497 143 540 sec.
158 483 190 538 Vl
199 485 238 539 vel
247 483 289 538 Vll
305 484 395 555 duplex
417 485 543 540 satiramm
558 486 666 541 recensio
684 485 813 553 exstiterit,
835 502 936 558 quarum
950 487 1073 543 alterama

92 567 222 624 christiano
237 565 335 623 homine
353 574 424 640 atrpre
439 569 601 625 ecclesiastico
615 570 703 625 iactann
718 585 771 625 esse
781 569 908 626 manifesto
919 569 970 628 Sat.
982 569 1073 627 xiva

92 655 237 724 argrrmento
249 657 355 720 constat,
368 652 410 706 nbi
421 668 465 723 pro
475 654 590 712 mmrtcn
598 653 723 710 bacuceos
737 655 762 709 in
776 654 896 725 plerisque
907 653 973 708 libris
983 653 1074 725 legitur

92 735 208 791 moelem
218 742 242 791 et
256 752 355 808 ammo,
374 737 501 804 nimirum,
520 737 584 808 quod
595 743 651 808 post
660 737 713 794 Nic.
724 737 858 810 Rigaltinm
869 737 941 793 docte
951 737 1073 792 annotavit

92 819 121 873 E.
137 818 166 874 G.
179 819 299 874 Weberus
310 820 434 895 Animadv.
450 819 479 875 ad
490 820 572 876 luven.
584 819 655 879 Satin.
668 821 716 877 len.
729 826 806 882 1820.
823 825 854 886 8,
871 837 897 892 p·
910 825 960 888 37,
973 822 1072 874 σπῖλον

91 899 140 956 eol
151 895 330 974 §calomnae
340 902 366 959 S.
377 903 444 959 Pauli
454 904 525 960 verba
537 905 566 960 ed
577 904 664 976 Epher.
674 905 702 962 ll.
714 909 747 964 27
760 920 791 960 err
800 905 873 960 latina
881 905 988 960 eiusdem
998 905 1072 960 inter·

93 987 227 1057 pretatione
237 987 376 1044 memoriter
382 987 412 1043 ad
420 987 554 1044 Iuvenalem
564 988 638 1044 bonno
648 989 795 1045 semidoctus
806 988 940 1050 traustudit;
951 987 1071 1044 eiusdem-

92 1085 138 1142 que
147 1084 247 1126 manum
262 1085 306 1141 per
316 1087 400 1126 omnes
415 1071 486 1126 liuius
500 1072 574 1128 libros
590 1073 615 1128 in
626 1073 688 1144 disp.
701 1072 732 1128 de
745 1073 868 1128 codicibus
879 1071 996 1127 luvenalis
1006 1077 1071 1126 recte

91 1155 256 1210 cristimandis
265 1153 332 1211 lect.
344 1154 409 1211 Gott.
422 1163 479 1211 aest.
492 1159 559 1216 184⁷
571 1157 700 1228 praemissa
716 1163 754 1211 tot
763 1157 873 1212 locorum
889 1156 983 1211 indiciis
1002 1169 1072 1211 coar·

90 1239 174 1310 guissc
183 1238 243 1294 mibi
253 1239 348 1308 videor,
360 1246 388 1294 nt
399 1239 513 1310 plurimas
523 1240 744 1312 insignissimasqne
755 1241 895 1307 varietates,
907 1239 994 1311 quibus
1004 1238 1071 1295 codi-

90 1336 131 1378 cos
140 1322 219 1378 nostri
231 1323 292 1378 inter
302 1337 330 1378 sc
339 1323 486 1394 discrepant,
500 1339 548 1378 nou
557 1325 588 1380 ad
599 1323 709 1381 fortuitas
720 1324 848 1380 verborum
859 1324 1015 1394 corruptelas,
1028 1321 1070 1380 sed

89 1406 120 1462 ad
137 1407 295 1462 deliberatam
317 1413 403 1478 poetoe
420 1408 628 1478 interpolationem
640 1408 729 1464 referre
745 1409 823 1464 licoat.
854 1409 889 1463 Ao
899 1408 947 1463 duo
959 1406 1069 1463 oodieunr

90 1505 189 1564 genera,
201 1492 415 1568 quommalterrrm
426 1491 549 1564 integrum
559 1493 610 1563 sere
618 1493 671 1549 solo
682 1491 813 1548 Pithoeeno
825 1496 949 1555 cernatur,
969 1491 1069 1546 alterum

90 1581 233 1646 corruptum
242 1573 346 1646 reliquos
356 1590 432 1647 paene
450 1591 534 1631 omnes
549 1575 746 1647 comprehendat,
765 1575 813 1631 iam
823 1573 853 1632 0.
865 1573 962 1629 Iahnius
973 1574 1002 1628 ad
1013 1573 1070 1628 Per·

89 1660 151 1715 sium
162 1673 188 1730 p.
202 1674 285 1715 cxxvi
296 1659 419 1716 luculento
430 1658 479 1717 Sat.
495 1659 536 1716 lll.
544 1663 578 1719 37
590 1660 700 1731 exemplo
711 1659 832 1721 distinxitr
843 1659 908 1715 idem
917 1671 975 1713 vero
986 1656 1070 1712 discri-

89 1759 144 1799 men
160 1757 205 1814 per
215 1742 329 1814 plurimas
339 1744 489 1816 singularum
506 1744 633 1800 satirarum
647 1745 763 1801 lectiones
779 1743 950 1816 investigatam
960 1756 1034 1814 quum
1045 1741 1070 1795 in

89 1828 127 1884 illa
136 1828 300 1898 disputatione
310 1828 340 1884 ad
350 1842 403 1883 eam
408 1843 479 1900 quam
490 1828 539 1884 dixi
550 1829 758 1900 interpolationem
769 1828 885 1895 revocavi,
897 1833 950 1882 tum
960 1825 985 1881 in
996 1825 1071 1882 altera

89 1913 119 1967 de
127 1911 284 1967 Scholiomm
294 1912 323 1968 ad
333 1912 468 1968 Iuvenalem
479 1927 570 1984 genere
580 1913 698 1969 deteriore
709 1912 841 1968 indicendis
851 1912 918 1966 Lect.
930 1911 1070 1968 aost1849

89 1997 177 2067 scripte
195 2011 224 2051 eo
239 2011 315 2068 usque
325 2004 465 2068 persecutus
476 2011 543 2063 sum,
560 2004 588 2052 ut
598 1997 755 2067 interpretum
770 2010 865 2068 quoque
880 1993 955 2050 medii
971 1993 1023 2049 aevi
1033 1993 1071 2047 in·

90 2081 177 2150 eptias,
196 2095 297 2151 quarum
314 2086 339 2134 et
348 2080 443 2136 lahnius
454 2080 511 2136 ibid.
531 2095 556 2150 p·
569 2096 632 2136 cxvr
649 2084 674 2134 et
683 2079 834 2150 Schopenius
849 2079 875 2134 in
884 2077 970 2148 Progr.
983 2075 1069 2147 Gymn.

90 2163 223 2219 bonnensis
236 2167 302 2222 1847
314 2165 444 2234 specimina
454 2179 468 2219 e
478 2163 677 2219 bibliothecarum
686 2162 784 2217 latebris
795 2162 972 2232 produxerunt,
984 2160 1014 2214 ad
1029 2159 1071 2213 de-

90 2249 203 2303 teriorem
219 2247 285 2302 illam
304 2249 469 2303 recensionem
488 2253 597 2319 spectare
619 2248 821 2308 demonstrarem
840 2243 952 2300 omnibus
968 2243 1070 2312 denique

89 2331 222 2388 rationibus
238 2330 362 2386 subductis
379 2332 445 2387 velut
458 2331 577 2402 duplicem
594 2330 729 2387 Iuvenalem
740 2336 845 2388 statuere
856 2328 951 2392 licebit,
969 2327 1070 2382 alterurn

38 2477 42 2486 Δ
89 2417 236 2488 genuinum,
253 2415 296 2470 sed
313 2416 381 2470 ouius
398 2416 474 2470 forma
490 2422 515 2470 et
531 2416 660 2471 auctoritas
677 2431 766 2473 exuno
777 2415 868 2482 codice,
880 2426 953 2485 quern
963 2426 1011 2484 ego
1022 2409 1071 2466 Bu·

89 2501 203 2564 denscm,
216 2497 311 2554 Iahnius
323 2498 480 2554 l’itlroeanum
492 2500 632 2570 appellavit,
645 2507 670 2555 et
680 2500 812 2571 antiquiore
822 2497 969 2554 scholiorum
980 2508 1070 2568 genere

88 2585 124 2638 vel
135 2582 269 2638 Pithoeano
286 2583 324 2638 vel
339 2581 491 2655 sangallensi
507 2589 561 2639 tuto
583 2583 699 2656 cognosci
714 2583 801 2653 possit,
822 2582 923 2637 alterurn
944 2578 1070 2650 multiplici

88 2669 175 2722 veteris
186 2667 330 2721 correctoris
341 2667 436 2722 licentia
447 2667 619 2734 deformatum,
641 2683 711 2740 quern
723 2674 803 2722 tamen
814 2665 887 2721 medii
899 2665 951 2720 aevi
959 2662 1070 2720 homines

89 2751 147 2806 adeo
157 2750 239 2807 solum
250 2758 424 2822 cognoverunt,
436 2757 465 2807 nt
475 2752 588 2824 quidquid
596 2752 707 2808 codicum
718 2757 812 2822 praeter
819 2765 894 2805 unum
904 2748 972 2804 illurn
982 2747 1070 2803 habea·

89 2850 154 2900 nnus,
167 2835 200 2891 ad
210 2832 282 2890 hnim
293 2835 430 2907 exemplum
440 2835 587 2906 descripturo
597 2843 621 2892 et
633 2840 793 2907 propagatum
804 2848 857 2889 esse
872 2832 987 2888 videatur.
1017 2830 1070 2894 Qua
1167 2830 1169 2835 “

88 2919 243 2974 insontentia
258 2933 308 2973 non
324 2918 372 2975 hoc
387 2919 454 2985 dico,
472 2920 577 2991 reliquos
588 2919 683 2975 codices
696 2925 721 2973 et
735 2919 801 2988 ipsos
810 2917 882 2972 unius
891 2921 984 2971 tantum
995 2915 1070 2968 instar
1148 2923 1151 2930 ·

88 3017 140 3057 esse
149 3017 230 3074 neque
240 3003 304 3060 iuter
313 3017 341 3058 se
352 3017 435 3059 rursm
444 3004 528 3059 multis
543 3005 686 3076 magnisque
702 3000 856 3056 varietatibus
867 2998 976 3060 diderre;
993 2998 1068 3054 immo

88 3085 174 3143 homrn
184 3100 282 3158 qnoque
299 3093 325 3142 et
334 3086 438 3143 lamiliae
448 3087 555 3144 bonitate
570 3088 639 3144 valde
657 3086 763 3142 diversae
779 3089 874 3140 essum
890 3089 916 3138 et
930 3082 1021 3154 singuli
1033 3082 1070 3139 in·

88 3171 183 3243 signem
193 3170 346 3226 librariorum
361 3171 484 3227 andaciam
495 3173 586 3242 experti
601 3177 673 3238 sunt,
693 3171 761 3226 cuius
775 3167 881 3225 notabile
898 3167 1069 3223 documentum

88 3251 290 3326 Veasenrnayerus
301 3255 418 3327 inProgr.
429 3253 538 3311 Ulmensi
544 3259 613 3314 1793
624 3247 767 3327 publicavita
778 3269 825 3309 nec
835 3250 940 3308 vicissim
951 3250 1069 3322 optimum

89 3339 198 3396 codicem
210 3339 335 3394 communi
347 3337 458 3395 omnibns
469 3340 658 3410 corruptelarum
676 3339 713 3394 vel
730 3338 947 3395 additamentornur
964 3333 1018 3390 labe
1028 3347 1069 3388 ca·

87 3437 136 3480 rere
153 3431 179 3480 et
196 3437 253 3479 mea
271 3429 295 3478 et
312 3423 413 3479 aliornm
430 3423 572 3479 emendandi
588 3423 714 3478 conamina
730 3421 923 3493 libereprolrssa
933 3423 1004 3481 sunt;
1023 3416 1069 3487 ipsi

87 3515 165 3564 tamen
176 3508 323 3564 emendandi
333 3507 435 3580 negotio
446 3523 521 3579 quurn
530 3507 591 3564 brec
601 3512 695 3562 tanturn
705 3507 771 3577 optio
784 3505 838 3561 data
848 3505 895 3570 sit,
905 3508 986 3556 utrum
997 3499 1027 3554 ab
1038 3513 1067 3554 eo

88 3591 201 3649 librorum
212 3607 303 3664 genere
314 3592 486 3664 proficiscatur,
504 3593 529 3648 in
540 3605 727 3664 quorumquam
738 3583 972 3726 noningegpolatoris
983 3595 1067 3638 occur·
