2626 4006
198 219 239 281 86
523 226 558 273 u.
582 225 653 272 rura.
676 221 864 272 1uvuuan1s

198 372 313 448 Perque
335 377 427 443 tuum,
448 374 532 444 pater
549 365 664 442 Aegaei
686 361 837 441 Neptune,
860 360 1027 426 tridentem:

198 452 288 514 Addit
306 461 335 513 et
356 449 519 511 herculeos
541 466 627 508 arcus
648 447 817 524 hastamque
838 443 988 504 Minervae
1007 449 1036 502 et

200 535 346 616 Quidquid
367 534 475 596 hahent
494 532 618 593 telorum
637 531 855 592 armamentaria
879 529 968 589 coeli.

200 622 325 682 sivero
349 629 378 680 et
396 627 480 697 pater
503 624 564 692 est,
588 614 754 691 comedam,
776 614 882 692 inquit,
905 611 1004 674 debile
1027 611 1086 672 nati

201 705 332 783 sinciput
349 704 419 763 elini
438 700 602 779 Pharioque
624 698 766 759 madentis
787 706 883 758 aceto.
1157 705 1193 760 85

243 789 315 848 Sunt
332 786 360 847 in
382 786 515 846 fortunae
537 785 585 863 qui
608 782 724 845 casibus
745 783 840 844 omnia
858 789 966 859 ponant

200 870 238 933 Et
257 871 336 932 nullo
360 869 480 930 credant
499 868 632 929 mundum
652 876 771 927 rectore
793 866 916 941 moveri,

201 955 309 1016 Natura
330 954 468 1015 volvente
489 954 572 1012 vices
593 961 621 1012 et
642 951 716 1011 lucis
740 958 769 1010 et
787 950 863 1025 anni,

203 1041 298 1118 Atque
320 1038 388 1098 ideo
409 1036 544 1115 intrepidi
566 1052 766 1115 quaecumque
788 1034 889 1095 altaria
909 1040 1037 1109 tangunt.

202 1123 255 1183 Est
277 1121 349 1182 alius
371 1129 520 1195 metuens,
542 1137 580 1179 ne
603 1120 711 1179 crimen
732 1135 830 1198 poena
851 1124 1002 1195 aequatum
1159 1123 1196 1178 9⁰

202 1207 256 1267 Hic
278 1214 358 1285 putat
375 1222 442 1264 esse
465 1201 539 1264 deos
561 1211 590 1263 et
611 1203 743 1282 peierat,
767 1211 854 1281 atque
876 1203 914 1261 ita
937 1217 1052 1260 seeum:

202 1291 366 1365 Decernat,
390 1286 592 1367 quodcumque
613 1286 712 1361 volet,
735 1286 771 1346 dc
795 1302 923 1364 corpore
942 1293 1043 1344 nostro

202 1374 258 1434 Isis
278 1382 307 1433 et
328 1373 402 1433 irato
422 1372 508 1433 feriat
528 1390 593 1432 msa
616 1370 722 1431 lumina
744 1371 841 1444 sistro,

202 1456 363 1517 Dummodo
385 1456 433 1516 vel
457 1473 563 1516 caecus
585 1463 701 1516 teneam
719 1471 793 1534 quos
814 1452 930 1530 abnego
952 1467 1092 1512 nummos.

203 1541 240 1601 Et
263 1540 385 1620 phthisis
403 1549 432 1600 et
453 1541 585 1600 vomicae
607 1548 708 1618 putres
730 1547 760 1598 et
782 1537 927 1598 dimidium
950 1554 1017 1596 crus
1160 1542 1196 1598 95

204 1627 274 1686 Sunt
291 1625 376 1701 tanti,
398 1642 511 1702 pauper
530 1623 709 1704 locupletem
730 1630 834 1700 optare
853 1620 1013 1699 podagram

204 1709 270 1770 Nec
292 1707 404 1769 dubitet
421 1706 530 1782 Ladas,
554 1708 578 1766 si
602 1723 660 1767 non
678 1715 748 1783 eget
766 1705 904 1781 Anticyra
924 1722 979 1764 nec

205 1789 388 1869 Archigene;
412 1789 481 1869 quid
502 1791 578 1850 enim
599 1790 712 1849 velocis
733 1790 827 1866 gloria
851 1789 966 1867 plantae

205 1877 338 1938 Praestat
360 1882 389 1933 et
411 1874 543 1934 esuriens
561 1872 684 1934 Pisaeae
706 1891 801 1934 ramus
825 1869 945 1933 olivae?

204 1959 242 2020 Ut
260 1961 296 2018 sit
318 1977 436 2036 magna,
456 1966 552 2018 tamen
574 1966 655 2018 certe
679 1957 756 2018 lenta
777 1959 820 2018 ira
843 1957 1044 2018 deorum-est:
1145 1965 1197 2016 100
1307 1937 1308 1988 ἶ

205 2045 236 2104 Si
259 2052 358 2104 curant
379 2044 466 2120 igitur
488 2051 609 2102 cunctos
627 2042 729 2118 punire
751 2049 903 2116 nocentes,

206 2127 326 2201 Quando
347 2127 382 2187 ad
405 2145 451 2186 me
473 2123 683 2187 venientPSed
704 2135 733 2186 et
755 2124 907 2186 exorabile
930 2140 1034 2184 numen

204 2210 343 2271 Fortasse
367 2212 518 2289 emperiam
537 2210 615 2271 solet
635 2210 680 2270 his
703 2211 875 2287 ignoscere3
897 2208 977 2268 multi

206 2293 390 2355 committunt
413 2295 516 2355 eadem
538 2294 654 2354 diverso
676 2294 794 2353 crimina
815 2292 892 2366 iato;

204 2378 259 2438 ltle
282 2397 399 2438 crucem
421 2378 546 2438 sceleris
566 2379 690 2456 pretium
712 2377 792 2453 tulit,
815 2376 863 2437 hic
882 2377 1023 2437 diadema.
1147 2382 1198 2436 105
1307 2367 1308 2434 ζ

206 2463 256 2522 Sic
274 2463 395 2521 animum
418 2462 499 2522 dirae
519 2462 662 2540 trepidum
683 2461 837 2521 formidine
856 2461 962 2539 culpae

208 2543 387 2605 confirmans
405 2554 473 2605 tunc
496 2555 525 2604 te
545 2563 630 2606 sacra
648 2545 685 2606 ad
706 2545 828 2606 delubra
849 2549 1002 2604 vocantem

205 2627 373 2704 Praecedit,
397 2628 513 2689 trahere
537 2631 621 2688 immo
644 2628 719 2688 ultro
739 2647 774 2690 ac
793 2647 903 2690 vexare
926 2636 1052 2707 paratus.

206 2711 278 2772 Nam
302 2730 386 2791 quum
408 2730 510 2790 magna
532 2712 626 2774 malae
649 2722 786 2792 superest
806 2711 925 2772 audacia
949 2729 1067 2786 causae,
1307 2763 1308 2776 ,

208 2793 342 2857 Creditur
363 2815 379 2856 a
400 2797 496 2857 multis
518 2797 631 2858 fiducias
675 2796 790 2857 Mimum
811 2797 872 2873 agit
891 2794 952 2871 ille,
1146 2803 1198 2854 lto

206 2880 316 2941 Urbani
338 2880 453 2960 qualem
475 2881 612 2959 fugitivus
634 2899 733 2942 scurra
755 2879 873 2941 Catulli:
1307 2879 1308 2886 ἶ

207 2964 249 3024 Τιι
265 2966 354 3025 miser
376 2966 539 3042 exclamas,
563 2974 593 3026 ut
616 2967 752 3026 Stentora
771 2965 891 3024 vincere
910 2961 1018 3042 possis,

206 3047 263 3108 Vol
284 3051 381 3127 potius
403 3059 536 3129 quantum
559 3049 699 3110 Gradivus
721 3047 909 3108 homericus:
931 3045 1035 3121 Audis,

208 3132 355 3210 Iuppiter,
378 3132 468 3209 haec,
487 3152 543 3193 nec
565 3133 647 3193 labra
665 3150 782 3208 moves,
805 3150 889 3211 quum
912 3131 1027 3190 mittere
1048 3143 1155 3187 vocem

207 3215 351 3276 Debueris
377 3217 428 3277 vel
449 3233 627 3277 marmoreus
648 3216 698 3277 rel
721 3213 851 3276 aeneus?
876 3223 993 3275 auteur
1148 3218 1196 3272 art

206 3299 239 3359 ln
261 3300 389 3360 carbone
410 3309 459 3360 tuo
483 3299 581 3360 charta
601 3300 649 3378 pia
671 3309 733 3360 tura
753 3299 849 3360 soluta

207 3383 342 3443 Ponimus
363 3392 392 3442 et
413 3392 524 3443 sectum
543 3383 623 3443 vituli
641 3384 723 3443 iecur
742 3382 867 3463 albaque
885 3379 970 3460 porci

208 3463 353 3526 Omentai
375 3474 405 3524 ut
425 3466 531 3542 video,
554 3465 662 3525 nulium
686 3466 841 3526 discrimen
861 3462 1025 3526 habendum
1045 3467 1092 3520 est
