<?xml version="1.0" encoding="UTF-8"?>
<!DOCTYPE html PUBLIC "-//W3C//DTD XHTML 1.0 Transitional//EN"
    "http://www.w3.org/TR/xhtml1/DTD/xhtml1-transitional.dtd">
<html xmlns="http://www.w3.org/1999/xhtml" xml:lang="en" lang="en">
 <head>
  <title>
</title>
<meta http-equiv="Content-Type" content="text/html;charset=utf-8" />
  <meta name='ocr-system' content='tesseract 3.04.00' />
  <meta name='ocr-capabilities' content='ocr_page ocr_carea ocr_par ocr_line ocrx_word'/>
</head>
<body>
  <div class='ocr_page' id='page_1' title='image "./satirarumlibriq03juvegoog_0136.png"; bbox 0 0 2626 4006; ppageno 0'>
   <div class='ocr_carea' id='block_1_1' title="bbox 457 204 719 252">
    <p class='ocr_par' dir='ltr' id='par_1_1' title="bbox 457 204 719 252">
     <span class='ocr_line' id='line_1_1' title="bbox 457 204 719 252; baseline 0 0"><span class='ocrx_word' id='word_1_1' title='bbox 457 238 459 241; x_wconf 88' lang='lat'><em>-</em></span> <span class='ocrx_word' id='word_1_2' title='bbox 502 204 627 252; x_wconf 73' lang='lat' dir='ltr'><strong>sautum</strong></span> <span class='ocrx_word' id='word_1_3' title='bbox 648 205 719 252; x_wconf 87' lang='lat' dir='ltr'>XIV.</span> 
     </span>
    </p>
   </div>
   <div class='ocr_carea' id='block_1_2' title="bbox 8 344 925 426">
    <p class='ocr_par' dir='ltr' id='par_1_2' title="bbox 8 344 925 426">
     <span class='ocr_line' id='line_1_2' title="bbox 8 344 925 426; baseline 0.001 -21"><span class='ocrx_word' id='word_1_4' title='bbox 8 415 10 421; x_wconf 11' lang='lat' dir='ltr'>k</span> <span class='ocrx_word' id='word_1_5' title='bbox 112 345 213 422; x_wconf 79' lang='lat' dir='ltr'>Fregit</span> <span class='ocrx_word' id='word_1_6' title='bbox 234 360 323 421; x_wconf 81' lang='lat' dir='ltr'><strong>opes;</strong></span> <span class='ocrx_word' id='word_1_7' title='bbox 345 362 402 404; x_wconf 88' lang='lat' dir='ltr'><strong>nec</strong></span> <span class='ocrx_word' id='word_1_8' title='bbox 421 362 510 426; x_wconf 89' lang='lat' dir='ltr'><strong>parva</strong></span> <span class='ocrx_word' id='word_1_9' title='bbox 533 352 628 404; x_wconf 89' lang='lat' dir='ltr'><strong>tamen</strong></span> <span class='ocrx_word' id='word_1_10' title='bbox 648 362 782 404; x_wconf 91' lang='lat' dir='ltr'><strong>mensura</strong></span> <span class='ocrx_word' id='word_1_11' title='bbox 803 344 925 406; x_wconf 91' lang='lat' dir='ltr'><strong>relictae</strong></span> 
     </span>
    </p>
   </div>
   <div class='ocr_carea' id='block_1_3' title="bbox 34 427 1104 3019">
    <p class='ocr_par' dir='ltr' id='par_1_3' title="bbox 34 427 1104 3019">
     <span class='ocr_line' id='line_1_3' title="bbox 111 427 891 506; baseline 0 -18"><span class='ocrx_word' id='word_1_12' title='bbox 111 429 204 488; x_wconf 89' lang='lat' dir='ltr'><strong>Partis</strong></span> <span class='ocrx_word' id='word_1_13' title='bbox 229 436 305 487; x_wconf 90' lang='lat' dir='ltr'><strong>erat:</strong></span> <span class='ocrx_word' id='word_1_14' title='bbox 329 436 417 486; x_wconf 91' lang='lat' dir='ltr'><strong>totam</strong></span> <span class='ocrx_word' id='word_1_15' title='bbox 438 428 512 488; x_wconf 92' lang='lat' dir='ltr'><strong>hanc</strong></span> <span class='ocrx_word' id='word_1_16' title='bbox 534 427 659 487; x_wconf 85' lang='lat' dir='ltr'><strong>turbavit</strong></span> <span class='ocrx_word' id='word_1_17' title='bbox 681 428 755 487; x_wconf 87' lang='lat' dir='ltr'><strong>illius</strong></span> <span class='ocrx_word' id='word_1_18' title='bbox 783 446 891 506; x_wconf 87' lang='lat' dir='ltr'><strong>amens,</strong></span> 
     </span>
     <span class='ocr_line' id='line_1_4' title="bbox 111 511 1098 577; baseline 0.005 -5"><span class='ocrx_word' id='word_1_19' title='bbox 111 513 185 572; x_wconf 84' lang='lat' dir='ltr'><strong>lium</strong></span> <span class='ocrx_word' id='word_1_20' title='bbox 208 511 329 571; x_wconf 89' lang='lat' dir='ltr'><strong>meliore</strong></span> <span class='ocrx_word' id='word_1_21' title='bbox 352 529 443 572; x_wconf 89' lang='lat' dir='ltr'><strong>novas</strong></span> <span class='ocrx_word' id='word_1_22' title='bbox 467 512 573 571; x_wconf 90' lang='lat' dir='ltr'><strong>attollit</strong></span> <span class='ocrx_word' id='word_1_23' title='bbox 592 529 735 571; x_wconf 89' lang='lat' dir='ltr'><strong>marmore</strong></span> <span class='ocrx_word' id='word_1_24' title='bbox 754 511 850 572; x_wconf 88' lang='lat' dir='ltr'><strong>villas.</strong></span> <span class='ocrx_word' id='word_1_25' title='bbox 1065 524 1098 577; x_wconf 84' lang='lat'><strong>95</strong></span> 
     </span>
     <span class='ocr_line' id='line_1_5' title="bbox 154 595 866 675; baseline 0.004 -21"><span class='ocrx_word' id='word_1_26' title='bbox 154 595 277 669; x_wconf 81' lang='lat' dir='ltr'><strong>Quidam</strong></span> <span class='ocrx_word' id='word_1_27' title='bbox 300 597 394 654; x_wconf 86' lang='lat' dir='ltr'><strong>sortiti</strong></span> <span class='ocrx_word' id='word_1_28' title='bbox 415 605 590 656; x_wconf 83' lang='lat' dir='ltr'><strong>metuentem</strong></span> <span class='ocrx_word' id='word_1_29' title='bbox 614 595 733 657; x_wconf 88' lang='lat' dir='ltr'><strong>sabbata</strong></span> <span class='ocrx_word' id='word_1_30' title='bbox 754 604 866 675; x_wconf 87' lang='lat' dir='ltr'><strong>patrem</strong></span> 
     </span>
     <span class='ocr_line' id='line_1_6' title="bbox 111 678 841 758; baseline 0.001 -19"><span class='ocrx_word' id='word_1_31' title='bbox 111 680 157 740; x_wconf 87' lang='lat' dir='ltr'><strong>Nil</strong></span> <span class='ocrx_word' id='word_1_32' title='bbox 180 688 299 758; x_wconf 90' lang='lat' dir='ltr'><strong>praeter</strong></span> <span class='ocrx_word' id='word_1_33' title='bbox 321 678 412 739; x_wconf 88' lang='lat' dir='ltr'><strong>nubes</strong></span> <span class='ocrx_word' id='word_1_34' title='bbox 435 689 464 739; x_wconf 88' lang='lat' dir='ltr'><strong>et</strong></span> <span class='ocrx_word' id='word_1_35' title='bbox 486 679 563 739; x_wconf 89' lang='lat' dir='ltr'><strong>coeli</strong></span> <span class='ocrx_word' id='word_1_36' title='bbox 584 698 689 738; x_wconf 89' lang='lat' dir='ltr'><strong>numen</strong></span> <span class='ocrx_word' id='word_1_37' title='bbox 712 680 841 758; x_wconf 81' lang='lat' dir='ltr'><strong>adorant,</strong></span> 
     </span>
     <span class='ocr_line' id='line_1_7' title="bbox 110 763 830 842; baseline -0.001 -18"><span class='ocrx_word' id='word_1_38' title='bbox 110 763 174 824; x_wconf 90' lang='lat' dir='ltr'><strong>Nec</strong></span> <span class='ocrx_word' id='word_1_39' title='bbox 197 765 306 825; x_wconf 89' lang='lat' dir='ltr'><strong>distare</strong></span> <span class='ocrx_word' id='word_1_40' title='bbox 328 773 430 842; x_wconf 88' lang='lat' dir='ltr'><strong>putant</strong></span> <span class='ocrx_word' id='word_1_41' title='bbox 450 763 572 823; x_wconf 89' lang='lat' dir='ltr'><strong>humana</strong></span> <span class='ocrx_word' id='word_1_42' title='bbox 595 781 683 823; x_wconf 88' lang='lat' dir='ltr'><strong>carne</strong></span> <span class='ocrx_word' id='word_1_43' title='bbox 706 764 830 839; x_wconf 80' lang='lat' dir='ltr'><strong>suillam,</strong></span> 
     </span>
     <span class='ocr_line' id='line_1_8' title="bbox 111 845 903 926; baseline 0.001 -21"><span class='ocrx_word' id='word_1_44' title='bbox 111 847 174 920; x_wconf 80' lang='lat' dir='ltr'><strong>Qua</strong></span> <span class='ocrx_word' id='word_1_45' title='bbox 194 855 279 925; x_wconf 93' lang='lat' dir='ltr'><strong>pater</strong></span> <span class='ocrx_word' id='word_1_46' title='bbox 297 845 448 915; x_wconf 89' lang='lat' dir='ltr'><strong>abstinuit;</strong></span> <span class='ocrx_word' id='word_1_47' title='bbox 470 864 539 907; x_wconf 86' lang='lat' dir='ltr'><strong>mox</strong></span> <span class='ocrx_word' id='word_1_48' title='bbox 560 855 589 907; x_wconf 88' lang='lat' dir='ltr'><strong>et</strong></span> <span class='ocrx_word' id='word_1_49' title='bbox 610 849 762 926; x_wconf 87' lang='lat' dir='ltr'><strong>praeputia</strong></span> <span class='ocrx_word' id='word_1_50' title='bbox 785 849 903 926; x_wconf 58' lang='lat' dir='ltr'><strong>ponunt»</strong></span> 
     </span>
     <span class='ocr_line' id='line_1_9' title="bbox 110 931 1100 1008; baseline 0.004 -17"><span class='ocrx_word' id='word_1_51' title='bbox 110 931 257 991; x_wconf 84' lang='lat' dir='ltr'><strong>Romanas</strong></span> <span class='ocrx_word' id='word_1_52' title='bbox 280 940 375 990; x_wconf 89' lang='lat' dir='ltr'><strong>autem</strong></span> <span class='ocrx_word' id='word_1_53' title='bbox 397 931 475 990; x_wconf 89' lang='lat' dir='ltr'><strong>soliti</strong></span> <span class='ocrx_word' id='word_1_54' title='bbox 499 941 684 990; x_wconf 89' lang='lat' dir='ltr'><strong>contemnere</strong></span> <span class='ocrx_word' id='word_1_55' title='bbox 705 931 790 1008; x_wconf 77' lang='lat' dir='ltr'><strong>leges</strong></span> <span class='ocrx_word' id='word_1_56' title='bbox 1049 945 1100 996; x_wconf 89' lang='grc'><strong>100</strong></span> 
     </span>
     <span class='ocr_line' id='line_1_10' title="bbox 110 1014 988 1092; baseline 0 -18"><span class='ocrx_word' id='word_1_57' title='bbox 110 1014 257 1074; x_wconf 90' lang='lat' dir='ltr'><strong>Iudaicum</strong></span> <span class='ocrx_word' id='word_1_58' title='bbox 280 1015 412 1082; x_wconf 82' lang='lat' dir='ltr'><strong>ediscunt</strong></span> <span class='ocrx_word' id='word_1_59' title='bbox 435 1024 464 1074; x_wconf 90' lang='lat' dir='ltr'><strong>et</strong></span> <span class='ocrx_word' id='word_1_60' title='bbox 484 1024 602 1074; x_wconf 86' lang='lat' dir='ltr'><strong>servant</strong></span> <span class='ocrx_word' id='word_1_61' title='bbox 623 1032 658 1074; x_wconf 90' lang='lat' dir='ltr'><strong>ac</strong></span> <span class='ocrx_word' id='word_1_62' title='bbox 677 1024 805 1075; x_wconf 88' lang='lat' dir='ltr'><strong>metuunt</strong></span> <span class='ocrx_word' id='word_1_63' title='bbox 827 1017 882 1092; x_wconf 85' lang='lat' dir='ltr'><strong>ius,</strong></span> <span class='ocrx_word' id='word_1_64' title='bbox 949 1032 952 1038; x_wconf 88' lang='lat'>·</span> <span class='ocrx_word' id='word_1_65' title='bbox 982 1024 988 1039; x_wconf 81' lang='grc'><em>“</em></span> 
     </span>
     <span class='ocr_line' id='line_1_11' title="bbox 111 1097 937 1180; baseline 0 -22"><span class='ocrx_word' id='word_1_66' title='bbox 111 1097 241 1158; x_wconf 77' lang='lat' dir='ltr'><strong>Tradidit</strong></span> <span class='ocrx_word' id='word_1_67' title='bbox 260 1115 365 1158; x_wconf 88' lang='lat' dir='ltr'><strong>arcanc</strong></span> <span class='ocrx_word' id='word_1_68' title='bbox 395 1098 598 1176; x_wconf 88' lang='lat' dir='ltr'><strong>quodcumque</strong></span> <span class='ocrx_word' id='word_1_69' title='bbox 619 1099 766 1180; x_wconf 87' lang='lat' dir='ltr'><strong>volumine</strong></span> <span class='ocrx_word' id='word_1_70' title='bbox 789 1097 899 1175; x_wconf 83' lang='lat' dir='ltr'><strong>lllcses,</strong></span> <span class='ocrx_word' id='word_1_71' title='bbox 935 1113 937 1118; x_wconf 85' lang='grc'><em>·</em></span> 
     </span>
     <span class='ocr_line' id='line_1_12' title="bbox 111 1181 896 1258; baseline 0.001 -18"><span class='ocrx_word' id='word_1_72' title='bbox 111 1181 178 1242; x_wconf 89' lang='lat' dir='ltr'><strong>Nou</strong></span> <span class='ocrx_word' id='word_1_73' title='bbox 200 1191 363 1242; x_wconf 87' lang='lat' dir='ltr'><strong>monstrare</strong></span> <span class='ocrx_word' id='word_1_74' title='bbox 385 1185 448 1242; x_wconf 88' lang='lat' dir='ltr'><strong>vias</strong></span> <span class='ocrx_word' id='word_1_75' title='bbox 471 1182 573 1242; x_wconf 90' lang='lat' dir='ltr'><strong>eadem</strong></span> <span class='ocrx_word' id='word_1_76' title='bbox 595 1183 649 1240; x_wconf 91' lang='lat' dir='ltr'><strong>nisi</strong></span> <span class='ocrx_word' id='word_1_77' title='bbox 663 1200 755 1242; x_wconf 84' lang='lat' dir='ltr'><strong>sacra</strong></span> <span class='ocrx_word' id='word_1_78' title='bbox 777 1183 896 1258; x_wconf 81' lang='lat' dir='ltr'><strong>colenti,</strong></span> 
     </span>
     <span class='ocr_line' id='line_1_13' title="bbox 111 1265 881 1344; baseline 0.001 -20"><span class='ocrx_word' id='word_1_79' title='bbox 111 1265 281 1338; x_wconf 79' lang='lat' dir='ltr'><strong>Quaesitum</strong></span> <span class='ocrx_word' id='word_1_80' title='bbox 303 1266 339 1325; x_wconf 88' lang='lat' dir='ltr'><strong>ad</strong></span> <span class='ocrx_word' id='word_1_81' title='bbox 359 1267 468 1327; x_wconf 87' lang='lat' dir='ltr'><strong>iontem</strong></span> <span class='ocrx_word' id='word_1_82' title='bbox 491 1265 573 1325; x_wconf 89' lang='lat' dir='ltr'><strong>solos</strong></span> <span class='ocrx_word' id='word_1_83' title='bbox 592 1265 740 1326; x_wconf 82' lang='lat' dir='ltr'><strong>deducere</strong></span> <span class='ocrx_word' id='word_1_84' title='bbox 760 1283 881 1344; x_wconf 83' lang='lat' dir='ltr'><strong>verpus.</strong></span> 
     </span>
     <span class='ocr_line' id='line_1_14' title="bbox 110 1348 1100 1428; baseline 0.005 -19"><span class='ocrx_word' id='word_1_85' title='bbox 110 1348 172 1409; x_wconf 91' lang='lat' dir='ltr'><strong>Sed</strong></span> <span class='ocrx_word' id='word_1_86' title='bbox 193 1358 277 1428; x_wconf 90' lang='lat' dir='ltr'><strong>pater</strong></span> <span class='ocrx_word' id='word_1_87' title='bbox 299 1352 328 1409; x_wconf 94' lang='lat' dir='ltr'><strong>in</strong></span> <span class='ocrx_word' id='word_1_88' title='bbox 351 1367 453 1425; x_wconf 77' lang='lat' dir='ltr'><strong>causa,</strong></span> <span class='ocrx_word' id='word_1_89' title='bbox 476 1351 522 1420; x_wconf 84' lang='lat' dir='ltr'><strong>cui</strong></span> <span class='ocrx_word' id='word_1_90' title='bbox 545 1351 668 1426; x_wconf 89' lang='lat' dir='ltr'><strong>septima</strong></span> <span class='ocrx_word' id='word_1_91' title='bbox 691 1361 827 1428; x_wconf 87' lang='lat' dir='ltr'><strong>quaequ&#39;e</strong></span> <span class='ocrx_word' id='word_1_92' title='bbox 849 1351 903 1411; x_wconf 91' lang='lat' dir='ltr'><strong>iuit</strong></span> <span class='ocrx_word' id='word_1_93' title='bbox 930 1350 980 1410; x_wconf 82' lang='lat' dir='ltr'><strong>lux</strong></span> <span class='ocrx_word' id='word_1_94' title='bbox 1050 1363 1100 1414; x_wconf 85' lang='lat'><strong>105</strong></span> 
     </span>
     <span class='ocr_line' id='line_1_15' title="bbox 110 1433 819 1512; baseline 0.001 -20"><span class='ocrx_word' id='word_1_95' title='bbox 110 1433 220 1511; x_wconf 85' lang='lat' dir='ltr'><strong>ignava</strong></span> <span class='ocrx_word' id='word_1_96' title='bbox 241 1442 271 1492; x_wconf 88' lang='lat' dir='ltr'><strong>et</strong></span> <span class='ocrx_word' id='word_1_97' title='bbox 292 1442 404 1512; x_wconf 91' lang='lat' dir='ltr'><strong>partem</strong></span> <span class='ocrx_word' id='word_1_98' title='bbox 425 1435 504 1493; x_wconf 90' lang='lat' dir='ltr'><strong>vitae</strong></span> <span class='ocrx_word' id='word_1_99' title='bbox 525 1450 582 1493; x_wconf 92' lang='lat' dir='ltr'><strong>non</strong></span> <span class='ocrx_word' id='word_1_100' title='bbox 607 1434 701 1510; x_wconf 82' lang='lat' dir='ltr'><strong>attigit</strong></span> <span class='ocrx_word' id='word_1_101' title='bbox 721 1433 819 1493; x_wconf 90' lang='lat' dir='ltr'><strong>ullam.</strong></span> 
     </span>
     <span class='ocr_line' id='line_1_16' title="bbox 157 1516 948 1596; baseline 0 -20"><span class='ocrx_word' id='word_1_102' title='bbox 157 1518 269 1596; x_wconf 88' lang='lat' dir='ltr'><strong>Sponte</strong></span> <span class='ocrx_word' id='word_1_103' title='bbox 290 1527 385 1577; x_wconf 90' lang='lat' dir='ltr'><strong>tamen</strong></span> <span class='ocrx_word' id='word_1_104' title='bbox 411 1518 531 1576; x_wconf 87' lang='lat' dir='ltr'><strong>iuvenes</strong></span> <span class='ocrx_word' id='word_1_105' title='bbox 554 1518 698 1576; x_wconf 91' lang='lat' dir='ltr'><strong>imitantur</strong></span> <span class='ocrx_word' id='word_1_106' title='bbox 721 1526 834 1576; x_wconf 90' lang='lat' dir='ltr'><strong>cetera:</strong></span> <span class='ocrx_word' id='word_1_107' title='bbox 856 1516 948 1576; x_wconf 89' lang='lat' dir='ltr'><strong>solam</strong></span> 
     </span>
     <span class='ocr_line' id='line_1_17' title="bbox 50 1600 848 1680; baseline -0.004 -19"><span class='ocrx_word' id='word_1_108' title='bbox 50 1606 53 1612; x_wconf 85' lang='lat'>&#39;</span> <span class='ocrx_word' id='word_1_109' title='bbox 110 1602 197 1661; x_wconf 82' lang='lat' dir='ltr'><strong>Inviti</strong></span> <span class='ocrx_word' id='word_1_110' title='bbox 221 1619 338 1680; x_wconf 91' lang='lat' dir='ltr'><strong>quoque</strong></span> <span class='ocrx_word' id='word_1_111' title='bbox 362 1602 509 1661; x_wconf 84' lang='lat' dir='ltr'><strong>avaritiam</strong></span> <span class='ocrx_word' id='word_1_112' title='bbox 537 1618 680 1660; x_wconf 88' lang='lat' dir='ltr'><strong>exercere</strong></span> <span class='ocrx_word' id='word_1_113' title='bbox 705 1600 848 1660; x_wconf 89' lang='lat' dir='ltr'><strong>iubentur.</strong></span> 
     </span>
     <span class='ocr_line' id='line_1_18' title="bbox 110 1684 921 1764; baseline -0.002 -18"><span class='ocrx_word' id='word_1_114' title='bbox 110 1685 200 1748; x_wconf 86' lang='lat' dir='ltr'><strong>Fallit</strong></span> <span class='ocrx_word' id='word_1_115' title='bbox 225 1687 299 1744; x_wconf 89' lang='lat' dir='ltr'><strong>euim</strong></span> <span class='ocrx_word' id='word_1_116' title='bbox 325 1687 423 1744; x_wconf 86' lang='lat' dir='ltr'><strong>vitium</strong></span> <span class='ocrx_word' id='word_1_117' title='bbox 447 1686 548 1764; x_wconf 85' lang='lat' dir='ltr'><strong>specie</strong></span> <span class='ocrx_word' id='word_1_118' title='bbox 570 1686 683 1744; x_wconf 84' lang='lat' dir='ltr'><strong>virtutis</strong></span> <span class='ocrx_word' id='word_1_119' title='bbox 707 1693 738 1744; x_wconf 91' lang='lat' dir='ltr'><strong>et</strong></span> <span class='ocrx_word' id='word_1_120' title='bbox 757 1684 868 1760; x_wconf 87' lang='lat' dir='ltr'><strong>umbra,</strong></span> <span class='ocrx_word' id='word_1_121' title='bbox 920 1703 921 1710; x_wconf 54' lang='lat'>¹</span> 
     </span>
     <span class='ocr_line' id='line_1_19' title="bbox 112 1768 1102 1845; baseline 0.001 -16"><span class='ocrx_word' id='word_1_122' title='bbox 112 1769 208 1842; x_wconf 84' lang='lat' dir='ltr'><strong>Quum</strong></span> <span class='ocrx_word' id='word_1_123' title='bbox 230 1771 267 1828; x_wconf 89' lang='lat' dir='ltr'><strong>sit</strong></span> <span class='ocrx_word' id='word_1_124' title='bbox 289 1770 371 1829; x_wconf 88' lang='lat' dir='ltr'><strong>triste</strong></span> <span class='ocrx_word' id='word_1_125' title='bbox 393 1768 491 1828; x_wconf 91' lang='lat' dir='ltr'><strong>habitu</strong></span> <span class='ocrx_word' id='word_1_126' title='bbox 513 1768 652 1845; x_wconf 92' lang='lat' dir='ltr'><strong>vultuque</strong></span> <span class='ocrx_word' id='word_1_127' title='bbox 677 1778 706 1828; x_wconf 89' lang='lat' dir='ltr'><strong>et</strong></span> <span class='ocrx_word' id='word_1_128' title='bbox 728 1778 813 1829; x_wconf 88' lang='lat' dir='ltr'><strong>veste</strong></span> <span class='ocrx_word' id='word_1_129' title='bbox 836 1787 970 1828; x_wconf 90' lang='lat' dir='ltr'><strong>severum</strong></span> <span class='ocrx_word' id='word_1_130' title='bbox 1051 1781 1102 1830; x_wconf 87' lang='lat'><strong>110</strong></span> 
     </span>
     <span class='ocr_line' id='line_1_20' title="bbox 34 1851 844 1930; baseline -0.002 -17"><span class='ocrx_word' id='word_1_131' title='bbox 34 1865 44 1886; x_wconf 91' lang='lat'><strong>·</strong></span> <span class='ocrx_word' id='word_1_132' title='bbox 111 1851 178 1913; x_wconf 88' lang='lat' dir='ltr'><strong>Nec</strong></span> <span class='ocrx_word' id='word_1_133' title='bbox 204 1852 289 1912; x_wconf 85' lang='lat' dir='ltr'><strong>dubie</strong></span> <span class='ocrx_word' id='word_1_134' title='bbox 312 1862 455 1930; x_wconf 87' lang='lat' dir='ltr'><strong>tamquam</strong></span> <span class='ocrx_word' id='word_1_135' title='bbox 479 1853 555 1929; x_wconf 82' lang='lat' dir='ltr'><strong>lrugi</strong></span> <span class='ocrx_word' id='word_1_136' title='bbox 577 1852 708 1913; x_wconf 89' lang='lat' dir='ltr'><strong>laudetur</strong></span> <span class='ocrx_word' id='word_1_137' title='bbox 729 1871 844 1929; x_wconf 80' lang='lat' dir='ltr'><strong>avarus,</strong></span> 
     </span>
     <span class='ocr_line' id='line_1_21' title="bbox 113 1936 1000 2016; baseline -0.005 -18"><span class='ocrx_word' id='word_1_138' title='bbox 113 1936 270 2016; x_wconf 85' lang='lat' dir='ltr'><strong>Tamquam</strong></span> <span class='ocrx_word' id='word_1_139' title='bbox 292 1955 398 2014; x_wconf 87' lang='lat' dir='ltr'><strong>parcus</strong></span> <span class='ocrx_word' id='word_1_140' title='bbox 422 1936 509 1996; x_wconf 89' lang='lat' dir='ltr'><strong>homo</strong></span> <span class='ocrx_word' id='word_1_141' title='bbox 533 1945 563 1995; x_wconf 91' lang='lat' dir='ltr'><strong>et</strong></span> <span class='ocrx_word' id='word_1_142' title='bbox 584 1954 680 1997; x_wconf 91' lang='lat' dir='ltr'><strong>rerum</strong></span> <span class='ocrx_word' id='word_1_143' title='bbox 702 1937 792 1997; x_wconf 89' lang='lat' dir='ltr'><strong>tutela</strong></span> <span class='ocrx_word' id='word_1_144' title='bbox 815 1955 928 1996; x_wconf 89' lang='lat' dir='ltr'><strong>suarum</strong></span> <span class='ocrx_word' id='word_1_145' title='bbox 995 1947 1000 1958; x_wconf 83' lang='lat'><strong>·</strong></span> 
     </span>
     <span class='ocr_line' id='line_1_22' title="bbox 113 2019 898 2098; baseline -0.003 -18"><span class='ocrx_word' id='word_1_146' title='bbox 113 2019 203 2081; x_wconf 81' lang='lat' dir='ltr'><strong>Certe</strong></span> <span class='ocrx_word' id='word_1_147' title='bbox 224 2023 333 2098; x_wconf 80' lang='lat' dir='ltr'><strong>magis,</strong></span> <span class='ocrx_word' id='word_1_148' title='bbox 357 2019 489 2098; x_wconf 85' lang='lat' dir='ltr'><strong>quamsi</strong></span> <span class='ocrx_word' id='word_1_149' title='bbox 511 2020 642 2079; x_wconf 82' lang='lat' dir='ltr'><strong>fortunas</strong></span> <span class='ocrx_word' id='word_1_150' title='bbox 660 2029 758 2080; x_wconf 89' lang='lat' dir='ltr'><strong>servet</strong></span> <span class='ocrx_word' id='word_1_151' title='bbox 781 2019 898 2079; x_wconf 90' lang='lat' dir='ltr'><strong>easdem</strong></span> 
     </span>
     <span class='ocr_line' id='line_1_23' title="bbox 112 2099 1101 2183; baseline -0.005 -18"><span class='ocrx_word' id='word_1_152' title='bbox 112 2103 307 2183; x_wconf 83' lang='lat' dir='ltr'><strong>Hesperidum</strong></span> <span class='ocrx_word' id='word_1_153' title='bbox 331 2123 455 2183; x_wconf 89' lang='lat' dir='ltr'><strong>serpens</strong></span> <span class='ocrx_word' id='word_1_154' title='bbox 479 2113 528 2164; x_wconf 90' lang='lat' dir='ltr'><strong>aut</strong></span> <span class='ocrx_word' id='word_1_155' title='bbox 549 2103 696 2162; x_wconf 85' lang='lat' dir='ltr'><strong>Ponticus.</strong></span> <span class='ocrx_word' id='word_1_156' title='bbox 733 2103 817 2162; x_wconf 82' lang='lat' dir='ltr'><strong>Adde</strong></span> <span class='ocrx_word' id='word_1_157' title='bbox 842 2101 918 2180; x_wconf 91' lang='lat' dir='ltr'><strong>quod</strong></span> <span class='ocrx_word' id='word_1_158' title='bbox 940 2099 1037 2180; x_wconf 49' lang='lat' dir='ltr'><strong>huncp</strong></span> <span class='ocrx_word' id='word_1_159' title='bbox 1065 2101 1101 2161; x_wconf 93' lang='lat' dir='ltr'><strong>de</strong></span> 
     </span>
     <span class='ocr_line' id='line_1_24' title="bbox 113 2186 1101 2266; baseline 0 -19"><span class='ocrx_word' id='word_1_160' title='bbox 113 2189 181 2262; x_wconf 85' lang='lat' dir='ltr'><strong>Quo</strong></span> <span class='ocrx_word' id='word_1_161' title='bbox 202 2189 325 2266; x_wconf 78' lang='lat' dir='ltr'><strong>loquor,</strong></span> <span class='ocrx_word' id='word_1_162' title='bbox 354 2190 504 2266; x_wconf 79' lang='lat' dir='ltr'><strong>egregium</strong></span> <span class='ocrx_word' id='word_1_163' title='bbox 525 2187 651 2266; x_wconf 90' lang='lat' dir='ltr'><strong>populus</strong></span> <span class='ocrx_word' id='word_1_164' title='bbox 674 2197 755 2265; x_wconf 92' lang='lat' dir='ltr'><strong>putat</strong></span> <span class='ocrx_word' id='word_1_165' title='bbox 776 2186 944 2264; x_wconf 90' lang='lat' dir='ltr'><strong>adquirendi</strong></span> <span class='ocrx_word' id='word_1_166' title='bbox 1052 2196 1101 2247; x_wconf 89' lang='grc'><strong>115</strong></span> 
     </span>
     <span class='ocr_line' id='line_1_25' title="bbox 113 2269 1019 2351; baseline -0.006 -19"><span class='ocrx_word' id='word_1_167' title='bbox 113 2269 280 2340; x_wconf 67' lang='lat' dir='ltr'><strong>Artificem</strong></span> <span class='ocrx_word' id='word_1_168' title='bbox 305 2274 412 2351; x_wconf 85' lang='lat' dir='ltr'><strong>quippe</strong></span> <span class='ocrx_word' id='word_1_169' title='bbox 435 2273 479 2332; x_wconf 91' lang='lat' dir='ltr'><strong>bis</strong></span> <span class='ocrx_word' id='word_1_170' title='bbox 498 2279 633 2331; x_wconf 88' lang='lat' dir='ltr'><strong>crescunt</strong></span> <span class='ocrx_word' id='word_1_171' title='bbox 652 2272 822 2349; x_wconf 88' lang='lat' dir='ltr'><strong>patrimonia</strong></span> <span class='ocrx_word' id='word_1_172' title='bbox 843 2270 943 2330; x_wconf 87' lang='lat' dir='ltr'><strong>labris.</strong></span> <span class='ocrx_word' id='word_1_173' title='bbox 1016 2315 1019 2322; x_wconf 39' lang='lat' dir='ltr'><strong>r</strong></span> 
     </span>
     <span class='ocr_line' id='line_1_26' title="bbox 113 2355 950 2434; baseline -0.006 -17"><span class='ocrx_word' id='word_1_174' title='bbox 113 2355 175 2417; x_wconf 90' lang='lat' dir='ltr'><strong>Sed</strong></span> <span class='ocrx_word' id='word_1_175' title='bbox 198 2365 336 2415; x_wconf 89' lang='lat' dir='ltr'><strong>crescunt</strong></span> <span class='ocrx_word' id='word_1_176' title='bbox 356 2373 540 2434; x_wconf 89' lang='lat' dir='ltr'><strong>quocumque</strong></span> <span class='ocrx_word' id='word_1_177' title='bbox 563 2355 666 2430; x_wconf 83' lang='lat' dir='ltr'><strong>modo,</strong></span> <span class='ocrx_word' id='word_1_178' title='bbox 689 2355 857 2433; x_wconf 90' lang='lat' dir='ltr'><strong>maioraque</strong></span> <span class='ocrx_word' id='word_1_179' title='bbox 880 2355 950 2414; x_wconf 90' lang='lat' dir='ltr'><strong>liunt</strong></span> 
     </span>
     <span class='ocr_line' id='line_1_27' title="bbox 86 2439 856 2518; baseline -0.004 -19"><span class='ocrx_word' id='word_1_180' title='bbox 86 2483 89 2487; x_wconf 83' lang='lat'><em>-</em></span> <span class='ocrx_word' id='word_1_181' title='bbox 113 2439 223 2500; x_wconf 92' lang='lat' dir='ltr'><strong>lncude</strong></span> <span class='ocrx_word' id='word_1_182' title='bbox 246 2440 361 2499; x_wconf 90' lang='lat' dir='ltr'><strong>assidua</strong></span> <span class='ocrx_word' id='word_1_183' title='bbox 384 2457 560 2518; x_wconf 91' lang='lat' dir='ltr'><strong>semperque</strong></span> <span class='ocrx_word' id='word_1_184' title='bbox 587 2439 707 2499; x_wconf 88' lang='lat' dir='ltr'><strong>ardente</strong></span> <span class='ocrx_word' id='word_1_185' title='bbox 734 2441 856 2498; x_wconf 89' lang='lat' dir='ltr'><strong>camino.</strong></span> 
     </span>
     <span class='ocr_line' id='line_1_28' title="bbox 113 2521 858 2602; baseline -0.003 -19"><span class='ocrx_word' id='word_1_186' title='bbox 113 2521 154 2584; x_wconf 84' lang='lat' dir='ltr'><strong>Et</strong></span> <span class='ocrx_word' id='word_1_187' title='bbox 174 2532 258 2601; x_wconf 88' lang='lat' dir='ltr'><strong>pater</strong></span> <span class='ocrx_word' id='word_1_188' title='bbox 281 2540 354 2602; x_wconf 85' lang='lat' dir='ltr'><strong>ergo</strong></span> <span class='ocrx_word' id='word_1_189' title='bbox 378 2525 463 2583; x_wconf 93' lang='lat' dir='ltr'><strong>animi</strong></span> <span class='ocrx_word' id='word_1_190' title='bbox 490 2525 594 2584; x_wconf 89' lang='lat' dir='ltr'><strong>lelices</strong></span> <span class='ocrx_word' id='word_1_191' title='bbox 619 2523 711 2583; x_wconf 92' lang='lat' dir='ltr'><strong>credit</strong></span> <span class='ocrx_word' id='word_1_192' title='bbox 736 2540 858 2592; x_wconf 87' lang='lat' dir='ltr'><strong>avar0s;</strong></span> 
     </span>
     <span class='ocr_line' id='line_1_29' title="bbox 114 2607 1103 2686; baseline 0 -21"><span class='ocrx_word' id='word_1_193' title='bbox 114 2607 172 2680; x_wconf 88' lang='lat' dir='ltr'><strong>Qui</strong></span> <span class='ocrx_word' id='word_1_194' title='bbox 194 2609 312 2666; x_wconf 89' lang='lat' dir='ltr'><strong>miratur</strong></span> <span class='ocrx_word' id='word_1_195' title='bbox 334 2625 426 2686; x_wconf 85' lang='lat' dir='ltr'><strong>opes,</strong></span> <span class='ocrx_word' id='word_1_196' title='bbox 456 2610 504 2686; x_wconf 94' lang='lat' dir='ltr'><strong>qui</strong></span> <span class='ocrx_word' id='word_1_197' title='bbox 524 2607 601 2666; x_wconf 91' lang='lat' dir='ltr'><strong>nulla</strong></span> <span class='ocrx_word' id='word_1_198' title='bbox 623 2607 757 2686; x_wconf 86' lang='lat' dir='ltr'><strong>exempla</strong></span> <span class='ocrx_word' id='word_1_199' title='bbox 779 2607 858 2668; x_wconf 87' lang='lat' dir='ltr'><strong>beati</strong></span> <span class='ocrx_word' id='word_1_200' title='bbox 1052 2614 1103 2666; x_wconf 78' lang='lat' dir='ltr'><strong>lto</strong></span> 
     </span>
     <span class='ocr_line' id='line_1_30' title="bbox 112 2691 935 2769; baseline -0.004 -17"><span class='ocrx_word' id='word_1_201' title='bbox 112 2692 255 2768; x_wconf 88' lang='lat' dir='ltr'><strong>Pauperis</strong></span> <span class='ocrx_word' id='word_1_202' title='bbox 280 2709 348 2750; x_wconf 89' lang='lat' dir='ltr'><strong>esse</strong></span> <span class='ocrx_word' id='word_1_203' title='bbox 372 2701 469 2769; x_wconf 83' lang='lat' dir='ltr'><strong>putat,</strong></span> <span class='ocrx_word' id='word_1_204' title='bbox 496 2693 617 2750; x_wconf 90' lang='lat' dir='ltr'><strong>iuvenes</strong></span> <span class='ocrx_word' id='word_1_205' title='bbox 640 2691 786 2768; x_wconf 88' lang='lat' dir='ltr'><strong>hortatur,</strong></span> <span class='ocrx_word' id='word_1_206' title='bbox 809 2701 840 2751; x_wconf 89' lang='lat' dir='ltr'><strong>ut</strong></span> <span class='ocrx_word' id='word_1_207' title='bbox 859 2691 935 2752; x_wconf 89' lang='lat' dir='ltr'><strong>illam</strong></span> 
     </span>
     <span class='ocr_line' id='line_1_31' title="bbox 113 2774 894 2852; baseline -0.003 -18"><span class='ocrx_word' id='word_1_208' title='bbox 113 2774 162 2834; x_wconf 89' lang='lat' dir='ltr'><strong>lre</strong></span> <span class='ocrx_word' id='word_1_209' title='bbox 184 2775 259 2835; x_wconf 88' lang='lat' dir='ltr'><strong>viam</strong></span> <span class='ocrx_word' id='word_1_210' title='bbox 281 2785 404 2852; x_wconf 82' lang='lat' dir='ltr'><strong>pergant</strong></span> <span class='ocrx_word' id='word_1_211' title='bbox 425 2786 454 2834; x_wconf 93' lang='lat' dir='ltr'><strong>et</strong></span> <span class='ocrx_word' id='word_1_212' title='bbox 477 2776 569 2835; x_wconf 90' lang='lat' dir='ltr'><strong>eidem</strong></span> <span class='ocrx_word' id='word_1_213' title='bbox 591 2774 759 2835; x_wconf 83' lang='lat' dir='ltr'><strong>incumbere</strong></span> <span class='ocrx_word' id='word_1_214' title='bbox 783 2783 894 2834; x_wconf 85' lang='lat' dir='ltr'><strong>sectae.</strong></span> 
     </span>
     <span class='ocr_line' id='line_1_32' title="bbox 115 2854 1104 2937; baseline -0.005 -18"><span class='ocrx_word' id='word_1_215' title='bbox 115 2859 189 2919; x_wconf 90' lang='lat' dir='ltr'><strong>Sunt</strong></span> <span class='ocrx_word' id='word_1_216' title='bbox 211 2858 351 2937; x_wconf 87' lang='lat' dir='ltr'><strong>quaedam</strong></span> <span class='ocrx_word' id='word_1_217' title='bbox 373 2861 506 2919; x_wconf 89' lang='lat' dir='ltr'><strong>vitiorum</strong></span> <span class='ocrx_word' id='word_1_218' title='bbox 530 2859 688 2918; x_wconf 87' lang='lat' dir='ltr'><strong>elementa:</strong></span> <span class='ocrx_word' id='word_1_219' title='bbox 711 2859 756 2918; x_wconf 84' lang='lat' dir='ltr'><strong>liis</strong></span> <span class='ocrx_word' id='word_1_220' title='bbox 778 2859 908 2937; x_wconf 89' lang='lat' dir='ltr'><strong>protinus</strong></span> <span class='ocrx_word' id='word_1_221' title='bbox 932 2854 1001 2915; x_wconf 89' lang='lat' dir='ltr'><strong>illos</strong></span> <span class='ocrx_word' id='word_1_222' title='bbox 1102 2881 1104 2886; x_wconf 51' lang='lat'><strong><em>¹</em></strong></span> 
     </span>
     <span class='ocr_line' id='line_1_33' title="bbox 114 2940 821 3019; baseline -0.001 -18"><span class='ocrx_word' id='word_1_223' title='bbox 114 2940 219 3002; x_wconf 91' lang='lat' dir='ltr'><strong>lmbuit</strong></span> <span class='ocrx_word' id='word_1_224' title='bbox 242 2951 271 3002; x_wconf 89' lang='lat' dir='ltr'><strong>et</strong></span> <span class='ocrx_word' id='word_1_225' title='bbox 296 2945 377 3019; x_wconf 86' lang='lat' dir='ltr'><strong>cogit</strong></span> <span class='ocrx_word' id='word_1_226' title='bbox 399 2944 527 3002; x_wconf 89' lang='lat' dir='ltr'><strong>minimas</strong></span> <span class='ocrx_word' id='word_1_227' title='bbox 549 2943 684 3003; x_wconf 84' lang='lat' dir='ltr'><strong>ediscere</strong></span> <span class='ocrx_word' id='word_1_228' title='bbox 707 2941 821 3016; x_wconf 82' lang='lat' dir='ltr'><strong>sordes,</strong></span> 
     </span>
    </p>
   </div>
   <div class='ocr_carea' id='block_1_4' title="bbox 3 3024 1103 3106">
    <p class='ocr_par' dir='ltr' id='par_1_4' title="bbox 3 3024 1103 3106">
     <span class='ocr_line' id='line_1_34' title="bbox 3 3024 1103 3106; baseline 0 -21"><span class='ocrx_word' id='word_1_229' title='bbox 3 3093 4 3106; x_wconf 12' lang='grc' dir='ltr'>χ</span> <span class='ocrx_word' id='word_1_230' title='bbox 114 3024 186 3085; x_wconf 81' lang='lat' dir='ltr'><strong>blan</strong></span> <span class='ocrx_word' id='word_1_231' title='bbox 209 3025 378 3104; x_wconf 88' lang='lat' dir='ltr'><strong>adquirendi</strong></span> <span class='ocrx_word' id='word_1_232' title='bbox 403 3027 490 3087; x_wconf 90' lang='lat' dir='ltr'><strong>dccet</strong></span> <span class='ocrx_word' id='word_1_233' title='bbox 512 3026 675 3087; x_wconf 89' lang='lat' dir='ltr'><strong>insatiabile</strong></span> <span class='ocrx_word' id='word_1_234' title='bbox 698 3034 806 3084; x_wconf 84' lang='lat' dir='ltr'><strong>votum.</strong></span> <span class='ocrx_word' id='word_1_235' title='bbox 1053 3033 1103 3085; x_wconf 74' lang='lat'><strong>125</strong></span> 
     </span>
    </p>
   </div>
   <div class='ocr_carea' id='block_1_5' title="bbox 117 3109 810 3187">
    <p class='ocr_par' dir='ltr' id='par_1_5' title="bbox 117 3109 810 3187">
     <span class='ocr_line' id='line_1_35' title="bbox 117 3109 810 3187; baseline -0.001 -19"><span class='ocrx_word' id='word_1_236' title='bbox 117 3109 276 3169; x_wconf 86' lang='lat' dir='ltr'><strong>Servorum</strong></span> <span class='ocrx_word' id='word_1_237' title='bbox 298 3119 416 3170; x_wconf 84' lang='lat' dir='ltr'><strong>ventres</strong></span> <span class='ocrx_word' id='word_1_238' title='bbox 438 3111 535 3171; x_wconf 91' lang='lat' dir='ltr'><strong>modio</strong></span> <span class='ocrx_word' id='word_1_239' title='bbox 559 3112 682 3187; x_wconf 83' lang='lat' dir='ltr'><strong>castigat</strong></span> <span class='ocrx_word' id='word_1_240' title='bbox 702 3111 810 3186; x_wconf 85' lang='lat' dir='ltr'><strong>iniquo,</strong></span> 
     </span>
    </p>
   </div>
   <div class='ocr_carea' id='block_1_6' title="bbox 3 3189 1102 3272">
    <p class='ocr_par' dir='ltr' id='par_1_6' title="bbox 3 3189 1102 3272">
     <span class='ocr_line' id='line_1_36' title="bbox 3 3189 1102 3272; baseline -0.002 -20"><span class='ocrx_word' id='word_1_241' title='bbox 3 3219 4 3238; x_wconf 45' lang='grc' dir='ltr'><strong>ι</strong></span> <span class='ocrx_word' id='word_1_242' title='bbox 116 3189 185 3270; x_wconf 75' lang='lat' dir='ltr'><strong>lps&#39;e</strong></span> <span class='ocrx_word' id='word_1_243' title='bbox 207 3210 324 3272; x_wconf 89' lang='lat' dir='ltr'><strong>quoque</strong></span> <span class='ocrx_word' id='word_1_244' title='bbox 343 3196 488 3262; x_wconf 89' lang='lat' dir='ltr'><strong>esurieus;</strong></span> <span class='ocrx_word' id='word_1_245' title='bbox 508 3213 603 3272; x_wconf 88' lang='lat' dir='ltr'><strong>nequc</strong></span> <span class='ocrx_word' id='word_1_246' title='bbox 627 3195 701 3252; x_wconf 90' lang='lat' dir='ltr'><strong>enim</strong></span> <span class='ocrx_word' id='word_1_247' title='bbox 721 3194 814 3252; x_wconf 89' lang='lat' dir='ltr'><strong>omnia</strong></span> <span class='ocrx_word' id='word_1_248' title='bbox 831 3191 953 3251; x_wconf 90' lang='lat' dir='ltr'><strong>sustinet</strong></span> <span class='ocrx_word' id='word_1_249' title='bbox 971 3208 1102 3270; x_wconf 89' lang='lat' dir='ltr'><strong>umquam</strong></span> 
     </span>
    </p>
   </div>
   <div class='ocr_carea' id='block_1_7' title="bbox 116 3275 1102 3523">
    <p class='ocr_par' dir='ltr' id='par_1_7' title="bbox 116 3275 1102 3523">
     <span class='ocr_line' id='line_1_37' title="bbox 116 3275 807 3356; baseline 0.003 -22"><span class='ocrx_word' id='word_1_250' title='bbox 116 3275 230 3336; x_wconf 86' lang='lat' dir='ltr'><strong>Mucida</strong></span> <span class='ocrx_word' id='word_1_251' title='bbox 254 3277 381 3338; x_wconf 88' lang='lat' dir='ltr'><strong>caerulei</strong></span> <span class='ocrx_word' id='word_1_252' title='bbox 403 3279 485 3356; x_wconf 93' lang='lat' dir='ltr'><strong>panis</strong></span> <span class='ocrx_word' id='word_1_253' title='bbox 510 3295 680 3339; x_wconf 89' lang='lat' dir='ltr'><strong>consumere</strong></span> <span class='ocrx_word' id='word_1_254' title='bbox 705 3278 807 3352; x_wconf 80' lang='lat' dir='ltr'><strong>frusta,</strong></span> 
     </span>
     <span class='ocr_line' id='line_1_38' title="bbox 117 3357 814 3422; baseline 0 -3"><span class='ocrx_word' id='word_1_255' title='bbox 117 3357 290 3420; x_wconf 89' lang='lat' dir='ltr'><strong>Hesternum</strong></span> <span class='ocrx_word' id='word_1_256' title='bbox 313 3362 417 3421; x_wconf 89' lang='lat' dir='ltr'><strong>solitus</strong></span> <span class='ocrx_word' id='word_1_257' title='bbox 439 3363 535 3422; x_wconf 89' lang='lat' dir='ltr'><strong>medio</strong></span> <span class='ocrx_word' id='word_1_258' title='bbox 557 3379 676 3421; x_wconf 87' lang='lat' dir='ltr'><strong>servare</strong></span> <span class='ocrx_word' id='word_1_259' title='bbox 697 3360 814 3420; x_wconf 90' lang='lat' dir='ltr'><strong>minutal</strong></span> 
     </span>
     <span class='ocr_line' id='line_1_39' title="bbox 118 3443 1102 3523; baseline -0.001 -21"><span class='ocrx_word' id='word_1_260' title='bbox 118 3443 301 3523; x_wconf 83' lang='lat' dir='ltr'><strong>Septembri,</strong></span> <span class='ocrx_word' id='word_1_261' title='bbox 325 3463 461 3504; x_wconf 91' lang='lat' dir='ltr'><strong>necnon</strong></span> <span class='ocrx_word' id='word_1_262' title='bbox 487 3445 604 3506; x_wconf 82' lang='lat' dir='ltr'><strong>dillcrre</strong></span> <span class='ocrx_word' id='word_1_263' title='bbox 628 3445 806 3523; x_wconf 85' lang='lat' dir='ltr'><strong>intempore</strong></span> <span class='ocrx_word' id='word_1_264' title='bbox 831 3460 943 3505; x_wconf 89' lang='lat' dir='ltr'><strong>coenae</strong></span> <span class='ocrx_word' id='word_1_265' title='bbox 1051 3450 1102 3503; x_wconf 82' lang='grc'><strong>130</strong></span> 
     </span>
    </p>
   </div>
   <div class='ocr_carea' id='block_1_8' title="bbox 0 0 1325 4006">
    <p class='ocr_par' dir='ltr' id='par_1_8' title="bbox 0 0 1325 4006">
     <span class='ocr_line' id='line_1_40' title="bbox 0 0 1325 4006; baseline 0 0"><span class='ocrx_word' id='word_1_266' title='bbox 0 0 1325 4006; x_wconf 95' lang='lat' dir='ltr'><strong> </strong></span> 
     </span>
    </p>
   </div>
  </div>
 </body>
</html>
