2626 4006
465 265 591 315 sartan
613 267 671 314 XV.

140 407 268 470 Naturae
295 407 418 485 imperio
439 408 597 483 gemimus,
623 423 708 483 quum
728 406 813 467 iuuus
838 408 954 470 adultae

141 493 269 569 Virginis
292 491 420 550 occurrit
444 489 493 549 vel
516 499 594 548 terra
617 489 761 549 clauditur
786 491 879 552 iulans

139 576 178 636 llt
201 577 293 635 minor
314 575 382 652 igne
405 576 486 651 rogi;
511 576 574 652 quis
598 574 673 632 enim
696 572 789 634 bouus
813 585 843 635 et
863 577 929 638 iace
952 580 1054 658 dignus
1079 593 1129 647 140

140 660 274 735 Arcana,
299 657 414 736 qualem
441 656 560 718 Cereris
581 657 644 716 vult
667 675 734 716 esse
758 660 910 737 sacerdos,

140 743 209 805 Ulla
232 743 327 802 aliena
348 741 403 801 sibi
429 742 521 802 credit
542 737 639 801 mala?
676 741 801 818 Separat
824 742 882 804 boc
904 763 958 806 nos

140 827 168 887 A
193 844 287 904 grege
308 834 466 902 mutorum,
491 834 577 904 atque
600 825 668 885 ideo
690 825 860 887 venerabile
883 830 940 891 soli

140 911 242 972 Sortiti
263 911 408 988 ingenium
432 910 650 988 divinorumque
673 927 799 988 capaces

148 994 238 1073 itque
267 994 440 1055 exercendis
467 993 676 1072 capiendisque
702 993 811 1054 artibus
838 998 899 1074 apti
1077 1014 1129 1068 145

141 1079 265 1139 Sensum
292 1096 309 1139 1
332 1078 456 1138 coelesti
482 1078 637 1138 demissum
658 1079 795 1137 traximus
818 1097 898 1156 arce,

141 1161 230 1222 Cuius
253 1171 342 1240 egent
362 1179 454 1240 prona
478 1171 508 1221 et
528 1171 635 1221 terram
656 1163 828 1239 spectantia.
867 1163 965 1228 liundi

141 1247 286 1325 Principio
310 1245 428 1306 indulsit
454 1247 611 1306 oomrnunis
633 1245 767 1306 conditor
790 1245 848 1306 illis

142 1330 262 1390 'lautum
287 1331 411 1406 animas,
434 1329 518 1389 nobis
542 1331 663 1390 animum
686 1347 818 1409 quoque,
843 1341 957 1396 mutuus
979 1347 1010 1398 ut
1030 1357 1084 1400 uos

142 1415 273 1474 Allectus
296 1423 400 1492 petere
423 1414 558 1474 auxilium
581 1423 610 1473 et
635 1423 785 1491 praestare
807 1414 932 1495 iuberet,
1076 1437 1128 1490 150

141 1497 301 1576 Dispersus
324 1497 442 1558 trabere
462 1499 491 1557 in
513 1497 667 1576 populum,
690 1498 815 1575 migrare
838 1508 955 1562 vetusto

141 1580 188 1642 De
208 1600 328 1642 nemore
351 1591 380 1640 et
401 1583 519 1660 proavis
544 1581 686 1642 habitatas
709 1580 841 1660 linquere
867 1584 966 1664 silvas,

141 1665 306 1727 Aedificare
327 1665 447 1742 domos,
472 1665 583 1726 laribus
608 1666 787 1743 coniungere
808 1669 915 1730 uostris

56 1755 64 1764 “
140 1748 262 1810 'lectum
283 1750 376 1825 aliud,
403 1759 481 1811 tutos
503 1751 600 1810 vicino
626 1748 723 1809 limine
745 1766 863 1810 somnos

140 1833 180 1893 Ut
203 1834 309 1894 collata
331 1834 413 1894 daret
436 1834 557 1910 fiducia,
580 1841 740 1912 protegere
765 1835 850 1895 armis
1076 1855 1125 1907 155

139 1917 263 1996 bapsum
289 1926 337 1978 aut
358 1919 469 1995 ingenti
489 1926 636 1977 nutantem
657 1918 778 1978 vulnere
801 1920 905 1997 civem,
1000 1927 1003 1934 '

139 1999 291 2061 Communi
313 2001 382 2062 dare
404 2004 487 2079 sigua
509 2001 594 2078 tube,
623 2001 775 2060 defendier
802 2002 893 2063 isdem

140 2085 281 2146 Turribus
303 2095 390 2164 atque
412 2103 467 2146 una
490 2094 639 2164 portarum
663 2085 747 2145 clave
774 2088 876 2145 teneri.

139 2168 201 2229 Sed
223 2171 278 2229 iam
303 2179 469 2248 serpentum
491 2169 583 2230 maior
606 2169 781 2238 concordia;
804 2172 897 2248 parcit

141 2252 282 2330 Cognatis
303 2255 424 2314 maculis
446 2254 547 2313 similis
570 2253 651 2313 iera:
678 2253 792 2331 quando
816 2253 894 2314 leoni
1076 2269 1127 2324 160

139 2335 257 2397 Fortior
280 2338 385 2417 eripuit
405 2339 492 2399 vitam
513 2335 586 2398 leot
612 2354 669 2415 quo
691 2353 810 2397 nemore
833 2355 966 2417 umquam

139 2420 308 2499 Exspiravit
333 2440 405 2501 aper
426 2423 543 2482 maioris
566 2420 699 2481 dentibus
722 2419 807 2498 apri?

138 2504 237 2565 Indica
263 2507 344 2583 tigris
373 2508 432 2583 egit
452 2505 552 2566 rabida
576 2524 639 2566 oum
660 2506 766 2582 tigride
789 2523 893 2584 paoem

140 2589 331 2667 Perpetuam,
359 2593 455 2650 saevis
478 2592 553 2650 inter
576 2607 609 2650 se
632 2590 768 2649 convenit
785 2591 876 2649 ursis:

140 2672 196 2732 Ast
219 2673 325 2733 homiui
346 2674 454 2734 ferrum
477 2673 566 2734 letale
589 2674 694 2734 incude
715 2674 839 2734 neiauda
1074 2688 1126 2742 165

139 2755 317 2817 Produxisse
343 2776 443 2836 parurn
468 2768 528 2833 est,
555 2775 640 2836 quum
662 2766 807 2818 restruet
832 2759 946 2820 sarcula
968 2769 1073 2821 tanturn

140 2840 260 2901 Assueti
285 2859 414 2920 coquere
438 2851 468 2902 et
486 2843 586 2902 marris
610 2859 786 2902 acvomere
811 2841 881 2901 lessi

139 2923 307 2986 Nescieriut
331 2927 414 3004 primi
436 2926 551 3003 gladios
578 2924 737 2986 extendere
758 2923 843 2984 fabri.

140 3008 306 3088 Aspicimus
328 3009 472 3088 populos,
498 3028 620 3089 quorum
642 3027 699 3069 nou
722 3009 829 3069 suflicit
852 3010 912 3069 irae

141 3091 294 3153 decidisse
317 3094 457 3173 aliquem,
483 3094 536 3155 sed
559 3103 699 3174 pectora,
722 3092 857 3169 brachia,
881 3093 989 3153 vultum
1075 3101 1126 3157 170

140 3170 325 3238 crediderint
346 3196 440 3256 genus
462 3196 529 3238 esse
553 3179 626 3247 cibi;
651 3179 719 3258 quid
741 3178 854 3238 diceret
879 3195 951 3254 ergo

138 3258 195 3319 Vel
222 3278 279 3339 quo
306 3278 363 3321 non
385 3262 517 3340 lugeret,
543 3264 568 3322 si
592 3280 667 3322 nunc
689 3263 763 3323 haec
785 3270 912 3322 monstra
937 3262 1061 3337 videret,

138 3342 338 3422 Pythagoras,
365 3349 477 3406 cunctis
501 3347 669 3407 animalibus
692 3346 828 3408 abstinuit
848 3347 896 3423 qui

139 3424 295 3506 Tamquam
318 3429 435 3490 bomine
463 3440 493 3490 et
519 3432 613 3490 ventri
638 3431 754 3491 indulsit
776 3447 834 3489 non
860 3445 945 3488 omne
968 3428 1125 3506 legumen?

530 3553 730 3564 ——n—
