2626 4006
199 243 239 308 84
314 221 319 232 ’
520 256 555 302 n.
577 255 648 302 run.
672 253 860 302 ruvnuams

200 394 275 469 Quid
298 393 406 454 sentire
424 402 508 472 putas
531 410 649 469 omnes,
671 390 808 468 Celsine,
832 393 961 452 recenti.
1052 441 1058 453 .
1176 408 1195 459 s

198 479 244 540 Do
268 479 383 540 scelere
406 486 436 537 et
456 477 523 537 lrdei
546 477 672 537 violatae
695 473 835 536 crimine?
858 477 911 537 sed
930 494 986 536 nec

199 564 269 624 Tam
288 563 383 622 tenuis
405 578 510 621 census
529 561 580 620 tibi
604 561 740 638 contigit,
762 569 793 619 ut
815 559 972 620 mediocris

198 649 329 708 iacturae
348 655 378 705 te
401 654 513 722 mergat
536 662 624 720 onus,
647 663 702 704 nec
718 662 783 704 rara
805 643 948 720 videmus,

200 731 281 804 Quae
304 731 429 808 pateris;
453 748 537 789 casus
557 728 653 789 multis
675 728 723 788 bio
746 730 879 806 cognitus
902 747 937 788 ac
960 729 1014 789 iam

199 814 294 875 Tritos
317 823 346 873 et
369 813 503 874 emedio
526 814 659 874 fortunae
682 812 784 872 ductus
804 829 922 873 acervo.
1160 826 1194 876 10

198 899 340 959 Ponamus
359 898 462 958 nimios
484 899 623 976 gemitus;
645 897 815 974 flagrantior
835 913 929 976 aequo

198 982 263 1043 Non
285 981 374 1042 debet
394 981 478 1042 dolor
501 999 568 1042 esse
586 983 658 1056 viri,
682 1000 738 1041 nec
752 980 874 1042 vulnere
894 981 993 1040 maior.

198 1066 240 1127 Tu
261 1066 392 1145 quamvis
413 1066 519 1125 levium
539 1067 680 1125 minimam
703 1066 894 1144 exiguamque
916 1065 1056 1124 malorum

197 1148 371 1211 Particulam
389 1151 440 1209 vix
461 1149 539 1209 ferre
562 1159 664 1227 potes,
689 1147 886 1227 spumantibus
907 1148 1015 1208 ardens

198 1232 388 1309 Visceribus,
409 1251 522 1294 sacrum
542 1233 593 1293 tibi
615 1234 693 1312 quod
715 1251 773 1293 non
792 1232 896 1293 reddat
919 1234 1028 1293 amicus
1159 1243 1192 1295 15

198 1318 382 1396 Depositum·
422 1317 527 1395 Stupet
546 1317 636 1394 baec,
661 1317 708 1397 qui
725 1318 780 1379 iarn
801 1325 868 1395 post
887 1325 971 1394 terga
994 1316 1114 1395 reliquit

199 1403 357 1479 Sexaginta
380 1418 489 1476 annos,
512 1399 634 1461 Fonteio
658 1401 778 1463 consule
800 1410 898 1461 natus:

200 1486 245 1545 An
267 1485 337 1545 nibil
358 1487 386 1544 in
408 1484 511 1545 melius
532 1495 575 1546 tot
596 1505 692 1546 rerum
715 1485 831 1564 prolicit
850 1481 926 1545 usu?

199 1570 303 1649 blagna
325 1570 456 1648 quidem,
480 1571 572 1630 sacris
594 1589 668 1648 quae
687 1570 735 1630 dat
757 1577 917 1648 praecepta
940 1568 1060 1645 libellis,

198 1655 311 1714 Victrix
331 1654 464 1715 fortunae
485 1655 641 1732 sapientia;
665 1653 793 1713 ducimus
815 1661 909 1712 autem
1143 1664 1191 1715 uo

199 1737 259 1798 llos
282 1755 398 1817 quoque
420 1738 541 1812 felices,
565 1738 612 1816 qui
634 1737 713 1797 ferre
735 1736 917 1797 incommoda
939 1738 1017 1796 vitae
1163 1745 1166 1752 '

202 1821 263 1881 Nec
281 1823 390 1881 iactare
410 1822 506 1898 iugum
526 1822 586 1880 vita
608 1820 738 1880 didicere
758 1823 904 1899 magistra.

202 1905 282 1978 Quae
305 1913 362 1964 tam
384 1905 459 1965 festa
482 1904 561 1981 dies,
585 1913 615 1963 ut
636 1913 735 1964 cesset
759 1905 887 1984 prodere
908 1904 1012 1980 furem,

200 1987 368 2064 Perfidiam,
394 1988 530 2064 fraudes,
550 1997 637 2068 atquc
658 1990 735 2049 omni
756 2007 793 2049 ex
816 1990 935 2049 crimine
957 1989 1067 2048 lucrum
1168 2027 1172 2034 -

201 2071 369 2145 Quaesitum
388 2080 417 2131 et
439 2080 539 2150 partos
562 2072 660 2150 gladio
681 2071 731 2132 vel
752 2072 860 2152 pyxide
882 2068 1034 2132 nummosi
1155 2082 1190 2134 2⁵

119 2223 122 2230 ¹
199 2156 269 2216 Rari
295 2157 402 2235 quippe
426 2155 510 2232 boni,
533 2173 652 2216 numero
671 2157 721 2215 vix
744 2165 808 2215 sunt
828 2157 948 2216 totidem
970 2165 1041 2234 quot

200 2239 365 2300 Thebarum
381 2248 484 2318 portae
505 2239 555 2298 vel
573 2239 669 2299 divitis
691 2241 765 2300 ostia
786 2238 854 2299 Nili.

200 2323 283 2384 Nona
306 2331 386 2384 aetas
409 2325 503 2399 agitur
524 2323 684 2402 peioraque
707 2323 807 2384 secula
830 2323 901 2383 ferri
1005 2395 1007 2397 Ι

201 2407 407 2485 Temporibus,
431 2423 553 2484 quorum
574 2408 682 2467 sceleri
704 2425 761 2467 non
779 2409 887 2467 invenit
909 2408 973 2485 ipsa

199 2490 312 2551 Nomen
334 2499 363 2550 et
384 2509 400 2550 a
418 2489 499 2549 nullo
518 2492 615 2569 posuit
629 2499 729 2550 natura
747 2491 881 2559 metallo;
1157 2501 1192 2553 30

200 2573 261 2634 Nos
281 2573 425 2634 hominum
447 2572 601 2653 divumque
623 2574 708 2635 iidem
732 2574 859 2636 clamore
884 2576 1003 2649 ciemus,

202 2658 315 2731 Quanto
336 2656 500 2718 Faesidium
522 2654 620 2718 laudat
636 2660 748 2719 vocalis
767 2668 901 2736 agentem

201 2739 348 2821 Sportula.
388 2741 459 2818 Dic,
481 2743 580 2801 senior
600 2742 679 2803 bulla
702 2744 888 2821 dignissime,
912 2743 1020 2818 nescis,

201 2826 280 2900 Quas
302 2825 408 2887 babeat
426 2844 553 2887 veneres
577 2827 671 2887 aliena
692 2824 838 2907 pecunial
859 2829 968 2902 nescis,

129 2947 132 2951 -
202 2909 294 2982 Quem
314 2920 361 2970 tua
385 2911 554 2989 simplicitas
576 2913 664 2971 risum
684 2911 775 2989 vulgo
796 2920 929 2986 moveat,
953 2927 1038 2989 quum
1154 2919 1191 2973 35

201 2992 302 3070 Exigis
322 3011 338 3052 a
361 3012 522 3074 quoquam,
545 3013 582 3055 ne
604 2997 719 3074 peieret
737 3005 767 3054 et
786 3004 869 3074 putet
889 2994 956 3054 ullis

201 3075 277 3135 Esse
298 3077 414 3154 aliquod
437 3098 541 3138 numen
562 3080 678 3158 templis
701 3097 829 3158 araeque
849 3075 987 3151 rubenti?

202 3159 353 3233 Quondam
375 3161 432 3221 boc
453 3162 607 3240 indigenae
629 3162 766 3224 vivebant
787 3180 887 3239 more,
908 3163 1075 3241 prinsquam

202 3244 337 3303 Sumeret
354 3255 501 3322 agrestem
520 3247 618 3324 posito
637 3246 798 3307 diademate
819 3247 925 3306 falcem

202 3328 341 3388 Saturnus
364 3329 494 3406 fugiens,
518 3338 602 3405 tunc,
626 3347 710 3408 quum
731 3331 902 3408 virguncula
924 3329 995 3390 luno
1157 3338 1192 3392 lo

202 3410 239 3470 Et
261 3413 389 3491 privatus
412 3412 505 3471 adhuc
528 3412 622 3473 Idaeis
644 3413 775 3492 luppiter
797 3415 906 3490 antris,

202 3493 288 3554 Nulla
311 3511 400 3572 super
420 3495 513 3555 nubes
535 3498 667 3557 convivia
689 3497 907 3575 coelicolarum,
