<?xml version="1.0" encoding="UTF-8"?>
<!DOCTYPE html PUBLIC "-//W3C//DTD XHTML 1.0 Transitional//EN"
    "http://www.w3.org/TR/xhtml1/DTD/xhtml1-transitional.dtd">
<html xmlns="http://www.w3.org/1999/xhtml" xml:lang="en" lang="en">
 <head>
  <title>
</title>
<meta http-equiv="Content-Type" content="text/html;charset=utf-8" />
  <meta name='ocr-system' content='tesseract 3.04.00' />
  <meta name='ocr-capabilities' content='ocr_page ocr_carea ocr_par ocr_line ocrx_word'/>
</head>
<body>
  <div class='ocr_page' id='page_1' title='image "./satirarumlibriq03juvegoog_0040.png"; bbox 0 0 2600 4006; ppageno 0'>
   <div class='ocr_carea' id='block_1_1' title="bbox 502 233 1123 316">
    <p class='ocr_par' dir='ltr' id='par_1_1' title="bbox 502 233 1123 316">
     <span class='ocr_line' id='line_1_1' title="bbox 502 233 1123 316; baseline 0.005 -5"><span class='ocrx_word' id='word_1_1' title='bbox 502 265 710 313; x_wconf 74' lang='lat' dir='ltr'><strong>PRAEFATIO.</strong></span> <span class='ocrx_word' id='word_1_2' title='bbox 1011 268 1098 316; x_wconf 78' lang='lat' dir='ltr'><strong>xum</strong></span> <span class='ocrx_word' id='word_1_3' title='bbox 1116 233 1123 239; x_wconf 61' lang='grc'><strong>’</strong></span> 
     </span>
    </p>
   </div>
   <div class='ocr_carea' id='block_1_2' title="bbox 52 407 1116 3663">
    <p class='ocr_par' dir='ltr' id='par_1_2' title="bbox 119 407 1101 1400">
     <span class='ocr_line' id='line_1_2' title="bbox 120 407 1099 480; baseline 0.002 -15"><span class='ocrx_word' id='word_1_4' title='bbox 120 409 219 465; x_wconf 76' lang='lat' dir='ltr'>Iahnius</span> <span class='ocrx_word' id='word_1_5' title='bbox 231 408 310 464; x_wconf 70' lang='lat' dir='ltr'><strong>torem</strong></span> <span class='ocrx_word' id='word_1_6' title='bbox 322 407 431 479; x_wconf 81' lang='lat' dir='ltr'><strong>scripsit,</strong></span> <span class='ocrx_word' id='word_1_7' title='bbox 449 407 524 464; x_wconf 88' lang='lat' dir='ltr'><strong>tuitus</strong></span> <span class='ocrx_word' id='word_1_8' title='bbox 541 425 596 464; x_wconf 92' lang='lat' dir='ltr'><strong>sum</strong></span> <span class='ocrx_word' id='word_1_9' title='bbox 604 408 696 465; x_wconf 86' lang='lat' dir='ltr'><strong>Vindio.</strong></span> <span class='ocrx_word' id='word_1_10' title='bbox 708 425 733 480; x_wconf 89' lang='lat' dir='ltr'><strong>p.</strong></span> <span class='ocrx_word' id='word_1_11' title='bbox 746 412 793 472; x_wconf 80' lang='lat'><strong>14;</strong></span> <span class='ocrx_word' id='word_1_12' title='bbox 804 409 890 464; x_wconf 88' lang='lat' dir='ltr'><strong>eodem</strong></span> <span class='ocrx_word' id='word_1_13' title='bbox 900 425 956 466; x_wconf 87' lang='lat' dir='ltr'><strong>vero</strong></span> <span class='ocrx_word' id='word_1_14' title='bbox 969 416 1067 465; x_wconf 87' lang='lat' dir='ltr'><strong>auctore</strong></span> <span class='ocrx_word' id='word_1_15' title='bbox 1076 425 1099 470; x_wconf 84' lang='lat' dir='ltr'><strong>r.</strong></span> 
     </span>
     <span class='ocr_line' id='line_1_3' title="bbox 121 492 1101 564; baseline -0.004 -11"><span class='ocrx_word' id='word_1_16' title='bbox 121 497 173 552; x_wconf 85' lang='lat'><strong>106</strong></span> <span class='ocrx_word' id='word_1_17' title='bbox 181 492 356 564; x_wconf 79' lang='lat' dir='ltr'><strong>sooecctttpro</strong></span> <span class='ocrx_word' id='word_1_18' title='bbox 374 493 466 548; x_wconf 69' lang='lat' dir='ltr'><strong>motam</strong></span> <span class='ocrx_word' id='word_1_19' title='bbox 482 493 584 548; x_wconf 79' lang='lat' dir='ltr'><strong>libenter</strong></span> <span class='ocrx_word' id='word_1_20' title='bbox 600 493 724 563; x_wconf 86' lang='lat' dir='ltr'><strong>rescripsi,</strong></span> <span class='ocrx_word' id='word_1_21' title='bbox 743 508 790 547; x_wconf 90' lang='lat' dir='ltr'><strong>nec</strong></span> <span class='ocrx_word' id='word_1_22' title='bbox 805 496 995 551; x_wconf 78' lang='grc'><strong>1118-121</strong></span> <span class='ocrx_word' id='word_1_23' title='bbox 1011 495 1101 550; x_wconf 90' lang='lat' dir='ltr'><strong>rectius</strong></span> 
     </span>
     <span class='ocr_line' id='line_1_4' title="bbox 120 575 1101 648; baseline 0 -16"><span class='ocrx_word' id='word_1_24' title='bbox 120 576 216 632; x_wconf 88' lang='lat' dir='ltr'><strong>consuli</strong></span> <span class='ocrx_word' id='word_1_25' title='bbox 225 576 352 632; x_wconf 77' lang='lat' dir='ltr'><strong>arbitratus</strong></span> <span class='ocrx_word' id='word_1_26' title='bbox 365 591 428 643; x_wconf 91' lang='lat' dir='ltr'><strong>sum,</strong></span> <span class='ocrx_word' id='word_1_27' title='bbox 440 591 512 648; x_wconf 82' lang='lat' dir='ltr'><strong>quam</strong></span> <span class='ocrx_word' id='word_1_28' title='bbox 522 584 550 631; x_wconf 91' lang='lat' dir='ltr'><strong>ut</strong></span> <span class='ocrx_word' id='word_1_29' title='bbox 565 583 658 631; x_wconf 75' lang='lat' dir='ltr'><strong>seruato</strong></span> <span class='ocrx_word' id='word_1_30' title='bbox 670 577 755 646; x_wconf 90' lang='lat' dir='ltr'><strong>optimi</strong></span> <span class='ocrx_word' id='word_1_31' title='bbox 765 576 855 632; x_wconf 90' lang='lat' dir='ltr'><strong>codicis</strong></span> <span class='ocrx_word' id='word_1_32' title='bbox 865 575 948 631; x_wconf 90' lang='lat' dir='ltr'><strong>ordine</strong></span> <span class='ocrx_word' id='word_1_33' title='bbox 958 576 1033 632; x_wconf 87' lang='lat' dir='ltr'><strong>labnii</strong></span> <span class='ocrx_word' id='word_1_34' title='bbox 1043 593 1101 634; x_wconf 91' lang='lat' dir='ltr'><strong>oon·</strong></span> 
     </span>
     <span class='ocr_line' id='line_1_5' title="bbox 119 658 1099 731; baseline 0 -15"><span class='ocrx_word' id='word_1_35' title='bbox 119 662 239 716; x_wconf 85' lang='lat' dir='ltr'><strong>lecturam</strong></span> <span class='ocrx_word' id='word_1_36' title='bbox 248 665 297 714; x_wconf 76' lang='lat' dir='ltr'><strong>don</strong></span> <span class='ocrx_word' id='word_1_37' title='bbox 306 659 344 716; x_wconf 83' lang='lat' dir='ltr'><strong>cel</strong></span> <span class='ocrx_word' id='word_1_38' title='bbox 352 675 397 730; x_wconf 94' lang='lat' dir='ltr'><strong>pro</strong></span> <span class='ocrx_word' id='word_1_39' title='bbox 406 666 463 716; x_wconf 75' lang='lat' dir='ltr'><strong>beera</strong></span> <span class='ocrx_word' id='word_1_40' title='bbox 472 666 521 726; x_wconf 82' lang='lat' dir='ltr'><strong>est,</strong></span> <span class='ocrx_word' id='word_1_41' title='bbox 540 659 686 715; x_wconf 88' lang='lat' dir='ltr'><strong>Laolrmanni</strong></span> <span class='ocrx_word' id='word_1_42' title='bbox 702 677 759 715; x_wconf 88' lang='lat' dir='ltr'><strong>cooe</strong></span> <span class='ocrx_word' id='word_1_43' title='bbox 768 659 804 715; x_wconf 86' lang='lat' dir='ltr'><strong>oio</strong></span> <span class='ocrx_word' id='word_1_44' title='bbox 814 675 858 730; x_wconf 91' lang='lat' dir='ltr'><strong>pro</strong></span> <span class='ocrx_word' id='word_1_45' title='bbox 869 658 949 714; x_wconf 68' lang='lat' dir='ltr'><strong>omnib</strong></span> <span class='ocrx_word' id='word_1_46' title='bbox 958 661 1099 731; x_wconf 86' lang='lat' dir='ltr'><strong>reciperem,</strong></span> 
     </span>
     <span class='ocr_line' id='line_1_6' title="bbox 120 741 1098 816; baseline 0.002 -18"><span class='ocrx_word' id='word_1_47' title='bbox 120 756 267 816; x_wconf 87' lang='lat' dir='ltr'><strong>quamquam</strong></span> <span class='ocrx_word' id='word_1_48' title='bbox 278 743 308 798; x_wconf 90' lang='lat' dir='ltr'><strong>de</strong></span> <span class='ocrx_word' id='word_1_49' title='bbox 318 744 415 815; x_wconf 87' lang='lat' dir='ltr'><strong>reliquis</strong></span> <span class='ocrx_word' id='word_1_50' title='bbox 424 742 490 798; x_wconf 91' lang='lat' dir='ltr'><strong>nebi</strong></span> <span class='ocrx_word' id='word_1_51' title='bbox 500 744 595 814; x_wconf 85' lang='lat' dir='ltr'><strong>quidem</strong></span> <span class='ocrx_word' id='word_1_52' title='bbox 606 744 677 815; x_wconf 89' lang='lat' dir='ltr'><strong>plano</strong></span> <span class='ocrx_word' id='word_1_53' title='bbox 693 744 752 799; x_wconf 90' lang='lat' dir='ltr'><strong>mibi</strong></span> <span class='ocrx_word' id='word_1_54' title='bbox 762 744 937 799; x_wconf 82' lang='lat' dir='ltr'><strong>satisfecenmt.</strong></span> <span class='ocrx_word' id='word_1_55' title='bbox 965 741 1016 800; x_wconf 85' lang='lat' dir='ltr'><strong>Nec</strong></span> <span class='ocrx_word' id='word_1_56' title='bbox 1026 749 1098 810; x_wconf 70' lang='lat' dir='ltr'><strong>certo</strong></span> 
     </span>
     <span class='ocr_line' id='line_1_7' title="bbox 120 826 1101 899; baseline 0.002 -17"><span class='ocrx_word' id='word_1_57' title='bbox 120 827 187 899; x_wconf 85' lang='lat' dir='ltr'><strong>quod</strong></span> <span class='ocrx_word' id='word_1_58' title='bbox 203 841 229 881; x_wconf 88' lang='lat' dir='ltr'><strong>v.</strong></span> <span class='ocrx_word' id='word_1_59' title='bbox 242 831 293 885; x_wconf 93' lang='grc'><strong>121</strong></span> <span class='ocrx_word' id='word_1_60' title='bbox 305 843 335 882; x_wconf 82' lang='lat' dir='ltr'><strong>cx</strong></span> <span class='ocrx_word' id='word_1_61' title='bbox 345 828 424 897; x_wconf 90' lang='lat' dir='ltr'><strong>priore</strong></span> <span class='ocrx_word' id='word_1_62' title='bbox 435 826 498 882; x_wconf 89' lang='lat' dir='ltr'><strong>Pith.</strong></span> <span class='ocrx_word' id='word_1_63' title='bbox 510 843 582 883; x_wconf 92' lang='lat' dir='ltr'><strong>manu</strong></span> <span class='ocrx_word' id='word_1_64' title='bbox 599 828 761 891; x_wconf 89' lang='lat' dir='ltr'><strong>retinuerunt,</strong></span> <span class='ocrx_word' id='word_1_65' title='bbox 778 828 826 883; x_wconf 91' lang='lat' dir='ltr'><strong>iam</strong></span> <span class='ocrx_word' id='word_1_66' title='bbox 836 827 907 883; x_wconf 90' lang='lat' dir='ltr'><strong>buius</strong></span> <span class='ocrx_word' id='word_1_67' title='bbox 918 829 1101 885; x_wconf 80' lang='lat' dir='ltr'><strong>correctorium</strong></span> 
     </span>
     <span class='ocr_line' id='line_1_8' title="bbox 120 910 1100 984; baseline 0.001 -18"><span class='ocrx_word' id='word_1_68' title='bbox 120 926 165 966; x_wconf 83' lang='lat' dir='ltr'><strong>eno</strong></span> <span class='ocrx_word' id='word_1_69' title='bbox 181 910 207 964; x_wconf 89' lang='lat' dir='ltr'><strong>in</strong></span> <span class='ocrx_word' id='word_1_70' title='bbox 217 927 274 965; x_wconf 78' lang='lat' dir='ltr'><strong>nmo</strong></span> <span class='ocrx_word' id='word_1_71' title='bbox 290 917 397 966; x_wconf 81' lang='lat' dir='ltr'><strong>mutasse</strong></span> <span class='ocrx_word' id='word_1_72' title='bbox 412 911 518 977; x_wconf 82' lang='lat' dir='ltr'><strong>videtur,</strong></span> <span class='ocrx_word' id='word_1_73' title='bbox 536 927 583 982; x_wconf 90' lang='lat' dir='ltr'><strong>quo</strong></span> <span class='ocrx_word' id='word_1_74' title='bbox 603 911 700 966; x_wconf 88' lang='lat' dir='ltr'><strong>demum</strong></span> <span class='ocrx_word' id='word_1_75' title='bbox 717 912 781 967; x_wconf 86' lang='lat' dir='ltr'><strong>lacto</strong></span> <span class='ocrx_word' id='word_1_76' title='bbox 800 913 863 966; x_wconf 84' lang='lat' dir='ltr'><strong>iusta</strong></span> <span class='ocrx_word' id='word_1_77' title='bbox 880 927 936 966; x_wconf 89' lang='lat' dir='ltr'><strong>oum</strong></span> <span class='ocrx_word' id='word_1_78' title='bbox 946 912 1100 984; x_wconf 86' lang='lat' dir='ltr'><strong>sequentibus</strong></span> 
     </span>
     <span class='ocr_line' id='line_1_9' title="bbox 121 993 1100 1067; baseline 0.001 -17"><span class='ocrx_word' id='word_1_79' title='bbox 121 993 232 1050; x_wconf 81' lang='lat' dir='ltr'><strong>iunctura</strong></span> <span class='ocrx_word' id='word_1_80' title='bbox 243 1008 286 1064; x_wconf 91' lang='lat' dir='ltr'><strong>per</strong></span> <span class='ocrx_word' id='word_1_81' title='bbox 296 994 463 1066; x_wconf 78' lang='lat' dir='ltr'><strong>gradationem</strong></span> <span class='ocrx_word' id='word_1_82' title='bbox 474 995 587 1058; x_wconf 69' lang='lat' dir='ltr'><strong>simitum</strong></span> <span class='ocrx_word' id='word_1_83' title='bbox 597 1010 675 1066; x_wconf 85' lang='lat' dir='ltr'><strong>neque</strong></span> <span class='ocrx_word' id='word_1_84' title='bbox 685 1002 711 1050; x_wconf 85' lang='lat' dir='ltr'><strong>et</strong></span> <span class='ocrx_word' id='word_1_85' title='bbox 722 996 752 1050; x_wconf 94' lang='lat' dir='ltr'><strong>ad</strong></span> <span class='ocrx_word' id='word_1_86' title='bbox 762 1011 817 1050; x_wconf 87' lang='lat' dir='ltr'><strong>ecoe</strong></span> <span class='ocrx_word' id='word_1_87' title='bbox 828 996 918 1051; x_wconf 81' lang='lat' dir='ltr'><strong>referre</strong></span> <span class='ocrx_word' id='word_1_88' title='bbox 927 996 1005 1067; x_wconf 84' lang='lat' dir='ltr'><strong>magis</strong></span> <span class='ocrx_word' id='word_1_89' title='bbox 1016 995 1100 1052; x_wconf 92' lang='lat' dir='ltr'><strong>dubito</strong></span> 
     </span>
     <span class='ocr_line' id='line_1_10' title="bbox 120 1076 1097 1150; baseline 0.005 -18"><span class='ocrx_word' id='word_1_90' title='bbox 120 1092 192 1149; x_wconf 83' lang='lat' dir='ltr'><strong>quam</strong></span> <span class='ocrx_word' id='word_1_91' title='bbox 204 1077 290 1134; x_wconf 82' lang='lat' dir='ltr'><strong>Cicero</strong></span> <span class='ocrx_word' id='word_1_92' title='bbox 307 1077 423 1133; x_wconf 85' lang='lat' dir='ltr'><strong>dubitarit</strong></span> <span class='ocrx_word' id='word_1_93' title='bbox 434 1076 505 1134; x_wconf 87' lang='lat' dir='ltr'><strong>Ollio.</strong></span> <span class='ocrx_word' id='word_1_94' title='bbox 521 1078 542 1133; x_wconf 94' lang='lat'><strong>1.</strong></span> <span class='ocrx_word' id='word_1_95' title='bbox 554 1082 589 1137; x_wconf 76' lang='lat'><strong>39</strong></span> <span class='ocrx_word' id='word_1_96' title='bbox 599 1079 686 1150; x_wconf 86' lang='lat' dir='ltr'><strong>aliique</strong></span> <span class='ocrx_word' id='word_1_97' title='bbox 697 1080 761 1150; x_wconf 92' lang='lat' dir='ltr'><strong>apud</strong></span> <span class='ocrx_word' id='word_1_98' title='bbox 770 1078 847 1134; x_wconf 74' lang='lat' dir='ltr'><strong>Perit.</strong></span> <span class='ocrx_word' id='word_1_99' title='bbox 859 1080 889 1136; x_wconf 94' lang='lat' dir='ltr'><strong>ad</strong></span> <span class='ocrx_word' id='word_1_100' title='bbox 906 1077 987 1134; x_wconf 78' lang='lat' dir='ltr'><strong>Senot.</strong></span> <span class='ocrx_word' id='word_1_101' title='bbox 999 1094 1025 1149; x_wconf 87' lang='lat' dir='ltr'><strong>p.</strong></span> <span class='ocrx_word' id='word_1_102' title='bbox 1037 1084 1097 1148; x_wconf 80' lang='lat'><strong>985,</strong></span> 
     </span>
     <span class='ocr_line' id='line_1_11' title="bbox 121 1160 1099 1234; baseline 0.004 -18"><span class='ocrx_word' id='word_1_103' title='bbox 121 1161 209 1234; x_wconf 81' lang='lat' dir='ltr'><strong>quibus</strong></span> <span class='ocrx_word' id='word_1_104' title='bbox 225 1160 286 1216; x_wconf 88' lang='lat' dir='ltr'><strong>adde</strong></span> <span class='ocrx_word' id='word_1_105' title='bbox 301 1162 422 1218; x_wconf 86' lang='lat' dir='ltr'><strong>comicum</strong></span> <span class='ocrx_word' id='word_1_106' title='bbox 437 1162 500 1232; x_wconf 91' lang='lat' dir='ltr'><strong>apud</strong></span> <span class='ocrx_word' id='word_1_107' title='bbox 516 1161 607 1218; x_wconf 84' lang='lat' dir='ltr'><strong>Charis.</strong></span> <span class='ocrx_word' id='word_1_108' title='bbox 626 1178 651 1232; x_wconf 92' lang='lat' dir='ltr'><strong>p.</strong></span> <span class='ocrx_word' id='word_1_109' title='bbox 668 1165 737 1227; x_wconf 74' lang='lat'><strong>2463</strong></span> <span class='ocrx_word' id='word_1_110' title='bbox 753 1164 848 1233; x_wconf 87' lang='lat' dir='ltr'><strong>spurios</strong></span> <span class='ocrx_word' id='word_1_111' title='bbox 864 1169 945 1218; x_wconf 85' lang='lat' dir='ltr'><strong>autem</strong></span> <span class='ocrx_word' id='word_1_112' title='bbox 961 1164 1099 1234; x_wconf 83' lang='lat' dir='ltr'><strong>priusquam</strong></span> 
     </span>
     <span class='ocr_line' id='line_1_12' title="bbox 120 1245 1099 1317; baseline 0.004 -17"><span class='ocrx_word' id='word_1_113' title='bbox 120 1245 231 1316; x_wconf 87' lang='lat' dir='ltr'><strong>singulos</strong></span> <span class='ocrx_word' id='word_1_114' title='bbox 244 1259 328 1300; x_wconf 87' lang='lat' dir='ltr'><strong>versus</strong></span> <span class='ocrx_word' id='word_1_115' title='bbox 345 1245 463 1310; x_wconf 89' lang='lat' dir='ltr'><strong>iudicem,</strong></span> <span class='ocrx_word' id='word_1_116' title='bbox 479 1246 555 1301; x_wconf 88' lang='lat' dir='ltr'><strong>totius</strong></span> <span class='ocrx_word' id='word_1_117' title='bbox 570 1246 619 1301; x_wconf 92' lang='lat' dir='ltr'><strong>looi</strong></span> <span class='ocrx_word' id='word_1_118' title='bbox 637 1251 746 1302; x_wconf 89' lang='lat' dir='ltr'><strong>tenorem</strong></span> <span class='ocrx_word' id='word_1_119' title='bbox 761 1248 785 1302; x_wconf 94' lang='lat' dir='ltr'><strong>in</strong></span> <span class='ocrx_word' id='word_1_120' title='bbox 798 1247 996 1317; x_wconf 68' lang='lat' dir='ltr'><strong>disceptationem</strong></span> <span class='ocrx_word' id='word_1_121' title='bbox 1006 1263 1099 1314; x_wconf 88' lang='lat' dir='ltr'><strong>vocem,</strong></span> 
     </span>
     <span class='ocr_line' id='line_1_13' title="bbox 120 1328 1004 1400; baseline 0.005 -18"><span class='ocrx_word' id='word_1_122' title='bbox 120 1343 193 1400; x_wconf 89' lang='lat' dir='ltr'><strong>quem</strong></span> <span class='ocrx_word' id='word_1_123' title='bbox 204 1328 240 1383; x_wconf 86' lang='lat' dir='ltr'><strong>sio</strong></span> <span class='ocrx_word' id='word_1_124' title='bbox 250 1328 354 1384; x_wconf 85' lang='lat' dir='ltr'><strong>maxime</strong></span> <span class='ocrx_word' id='word_1_125' title='bbox 363 1330 449 1386; x_wconf 89' lang='lat' dir='ltr'><strong>vellem</strong></span> <span class='ocrx_word' id='word_1_126' title='bbox 459 1330 522 1398; x_wconf 87' lang='lat' dir='ltr'><strong>apud</strong></span> <span class='ocrx_word' id='word_1_127' title='bbox 530 1330 659 1400; x_wconf 90' lang='lat' dir='ltr'><strong>probatum</strong></span> <span class='ocrx_word' id='word_1_128' title='bbox 668 1335 755 1384; x_wconf 83' lang='lat' dir='ltr'><strong>testem</strong></span> <span class='ocrx_word' id='word_1_129' title='bbox 765 1330 880 1400; x_wconf 91' lang='lat' dir='ltr'><strong>scriptum</strong></span> <span class='ocrx_word' id='word_1_130' title='bbox 891 1331 1004 1386; x_wconf 84' lang='lat' dir='ltr'><strong>inveniri:</strong></span> 
     </span>
    </p>

    <p class='ocr_par' dir='ltr' id='par_1_3' title="bbox 204 1410 809 1485">
     <span class='ocr_line' id='line_1_14' title="bbox 204 1410 809 1485; baseline 0.003 -19"><span class='ocrx_word' id='word_1_131' title='bbox 204 1410 295 1468; x_wconf 81' lang='lat' dir='ltr'><strong>idcirm</strong></span> <span class='ocrx_word' id='word_1_132' title='bbox 317 1419 345 1468; x_wconf 86' lang='lat' dir='ltr'><strong>ct</strong></span> <span class='ocrx_word' id='word_1_133' title='bbox 364 1413 461 1485; x_wconf 76' lang='lat' dir='ltr'><strong>liopuoe</strong></span> <span class='ocrx_word' id='word_1_134' title='bbox 478 1419 623 1468; x_wconf 75' lang='lat' dir='ltr'><strong>moteooere</strong></span> <span class='ocrx_word' id='word_1_135' title='bbox 638 1413 809 1484; x_wconf 72' lang='lat' dir='ltr'><strong>motoipionon</strong></span> 
     </span>
    </p>

    <p class='ocr_par' dir='ltr' id='par_1_4' title="bbox 52 1496 1100 2156">
     <span class='ocr_line' id='line_1_15' title="bbox 202 1496 885 1570; baseline -0.003 -18"><span class='ocrx_word' id='word_1_136' title='bbox 202 1497 300 1566; x_wconf 60' lang='lat' dir='ltr'><strong>potatu</strong></span> <span class='ocrx_word' id='word_1_137' title='bbox 319 1497 403 1568; x_wconf 77' lang='lat' dir='ltr'><strong>ttnpca</strong></span> <span class='ocrx_word' id='word_1_138' title='bbox 413 1496 470 1552; x_wconf 66' lang='lat' dir='ltr'><strong>mod</strong></span> <span class='ocrx_word' id='word_1_139' title='bbox 477 1512 578 1570; x_wconf 76' lang='lat' dir='ltr'><strong>notoque</strong></span> <span class='ocrx_word' id='word_1_140' title='bbox 588 1502 623 1551; x_wconf 85' lang='lat' dir='ltr'><strong>eet</strong></span> <span class='ocrx_word' id='word_1_141' title='bbox 630 1513 691 1568; x_wconf 82' lang='lat' dir='ltr'><strong>poro</strong></span> <span class='ocrx_word' id='word_1_142' title='bbox 698 1497 804 1567; x_wconf 80' lang='lat' dir='ltr'><strong>possiam</strong></span> <span class='ocrx_word' id='word_1_143' title='bbox 813 1497 885 1551; x_wconf 74' lang='lat' dir='ltr'><strong>ecam.</strong></span> 
     </span>
     <span class='ocr_line' id='line_1_16' title="bbox 119 1578 1100 1649; baseline 0.005 -18"><span class='ocrx_word' id='word_1_144' title='bbox 119 1579 213 1637; x_wconf 74' lang='lat' dir='ltr'>V.14³</span> <span class='ocrx_word' id='word_1_145' title='bbox 223 1578 301 1634; x_wconf 75' lang='lat' dir='ltr'><strong>bocio</strong></span> <span class='ocrx_word' id='word_1_146' title='bbox 311 1579 420 1645; x_wconf 84' lang='lat' dir='ltr'><strong>codices,</strong></span> <span class='ocrx_word' id='word_1_147' title='bbox 437 1580 537 1636; x_wconf 78' lang='lat' dir='ltr'><strong>bomem</strong></span> <span class='ocrx_word' id='word_1_148' title='bbox 553 1580 650 1635; x_wconf 88' lang='lat' dir='ltr'><strong>Iahnius</strong></span> <span class='ocrx_word' id='word_1_149' title='bbox 661 1595 682 1634; x_wconf 91' lang='lat' dir='ltr'><strong>o.</strong></span> <span class='ocrx_word' id='word_1_150' title='bbox 695 1579 844 1644; x_wconf 89' lang='lat' dir='ltr'><strong>Heinricbio,</strong></span> <span class='ocrx_word' id='word_1_151' title='bbox 861 1579 947 1634; x_wconf 89' lang='lat' dir='ltr'><strong>blanda</strong></span> <span class='ocrx_word' id='word_1_152' title='bbox 956 1581 1044 1649; x_wconf 88' lang='lat' dir='ltr'><strong>specie,</strong></span> <span class='ocrx_word' id='word_1_153' title='bbox 1056 1581 1100 1636; x_wconf 82' lang='lat' dir='ltr'><strong>sed</strong></span> 
     </span>
     <span class='ocr_line' id='line_1_17' title="bbox 119 1663 1099 1735; baseline 0.003 -19"><span class='ocrx_word' id='word_1_154' title='bbox 119 1667 215 1733; x_wconf 85' lang='lat' dir='ltr'><strong>practer</strong></span> <span class='ocrx_word' id='word_1_155' title='bbox 224 1663 406 1732; x_wconf 77' lang='lat' dir='ltr'><strong>necessitatem,</strong></span> <span class='ocrx_word' id='word_1_156' title='bbox 418 1679 493 1735; x_wconf 85' lang='lat' dir='ltr'><strong>quum</strong></span> <span class='ocrx_word' id='word_1_157' title='bbox 503 1663 614 1719; x_wconf 77' lang='lat' dir='ltr'><strong>lecticam</strong></span> <span class='ocrx_word' id='word_1_158' title='bbox 625 1663 698 1718; x_wconf 87' lang='lat' dir='ltr'><strong>ctiam</strong></span> <span class='ocrx_word' id='word_1_159' title='bbox 708 1663 811 1718; x_wconf 88' lang='lat' dir='ltr'><strong>conduci</strong></span> <span class='ocrx_word' id='word_1_160' title='bbox 819 1663 915 1718; x_wconf 90' lang='lat' dir='ltr'><strong>solitam</strong></span> <span class='ocrx_word' id='word_1_161' title='bbox 931 1677 984 1718; x_wconf 87' lang='lat' dir='ltr'><strong>esse</strong></span> <span class='ocrx_word' id='word_1_162' title='bbox 994 1663 1034 1718; x_wconf 87' lang='lat' dir='ltr'><strong>Vl.</strong></span> <span class='ocrx_word' id='word_1_163' title='bbox 1047 1666 1099 1720; x_wconf 79' lang='grc'><strong>352</strong></span> 
     </span>
     <span class='ocr_line' id='line_1_18' title="bbox 118 1747 1099 1819; baseline 0 -17"><span class='ocrx_word' id='word_1_164' title='bbox 118 1747 245 1818; x_wconf 87' lang='lat' dir='ltr'><strong>legamus;</strong></span> <span class='ocrx_word' id='word_1_165' title='bbox 255 1761 333 1818; x_wconf 87' lang='lat' dir='ltr'><strong>neque</strong></span> <span class='ocrx_word' id='word_1_166' title='bbox 343 1747 402 1803; x_wconf 91' lang='lat' dir='ltr'><strong>illud</strong></span> <span class='ocrx_word' id='word_1_167' title='bbox 413 1747 506 1811; x_wconf 87' lang='lat' dir='ltr'><strong>obstat,</strong></span> <span class='ocrx_word' id='word_1_168' title='bbox 518 1748 581 1819; x_wconf 90' lang='lat' dir='ltr'><strong>quod</strong></span> <span class='ocrx_word' id='word_1_169' title='bbox 591 1747 711 1804; x_wconf 89' lang='lat' dir='ltr'><strong>Naevolus</strong></span> <span class='ocrx_word' id='word_1_170' title='bbox 720 1762 779 1802; x_wconf 84' lang='lat' dir='ltr'><strong>mox</strong></span> <span class='ocrx_word' id='word_1_171' title='bbox 792 1747 936 1802; x_wconf 90' lang='lat' dir='ltr'><strong>caelatorem</strong></span> <span class='ocrx_word' id='word_1_172' title='bbox 946 1753 971 1801; x_wconf 89' lang='lat' dir='ltr'><strong>et</strong></span> <span class='ocrx_word' id='word_1_173' title='bbox 981 1747 1099 1817; x_wconf 88' lang='lat' dir='ltr'><strong>pictorem</strong></span> 
     </span>
     <span class='ocr_line' id='line_1_19' title="bbox 121 1829 1099 1902; baseline 0 -16"><span class='ocrx_word' id='word_1_174' title='bbox 121 1829 267 1886; x_wconf 81' lang='lat' dir='ltr'><strong>domesticos</strong></span> <span class='ocrx_word' id='word_1_175' title='bbox 284 1831 372 1886; x_wconf 91' lang='lat' dir='ltr'><strong>babere</strong></span> <span class='ocrx_word' id='word_1_176' title='bbox 388 1832 468 1902; x_wconf 85' lang='lat' dir='ltr'><strong>cupit;</strong></span> <span class='ocrx_word' id='word_1_177' title='bbox 488 1831 593 1886; x_wconf 87' lang='lat' dir='ltr'><strong>bienim</strong></span> <span class='ocrx_word' id='word_1_178' title='bbox 609 1831 733 1886; x_wconf 91' lang='lat' dir='ltr'><strong>dominum</strong></span> <span class='ocrx_word' id='word_1_179' title='bbox 750 1831 817 1886; x_wconf 90' lang='lat' dir='ltr'><strong>alunt</strong></span> <span class='ocrx_word' id='word_1_180' title='bbox 829 1831 911 1901; x_wconf 84' lang='lat' dir='ltr'><strong>potine</strong></span> <span class='ocrx_word' id='word_1_181' title='bbox 928 1846 1000 1902; x_wconf 84' lang='lat' dir='ltr'><strong>quam</strong></span> <span class='ocrx_word' id='word_1_182' title='bbox 1017 1831 1099 1886; x_wconf 85' lang='lat' dir='ltr'><strong>abillo</strong></span> 
     </span>
     <span class='ocr_line' id='line_1_20' title="bbox 120 1914 1099 1986; baseline -0.001 -16"><span class='ocrx_word' id='word_1_183' title='bbox 120 1915 228 1979; x_wconf 81' lang='lat' dir='ltr'><strong>alunbrr,</strong></span> <span class='ocrx_word' id='word_1_184' title='bbox 247 1914 362 1970; x_wconf 82' lang='lat' dir='ltr'><strong>lecticarii</strong></span> <span class='ocrx_word' id='word_1_185' title='bbox 378 1915 455 1972; x_wconf 92' lang='lat' dir='ltr'><strong>multo</strong></span> <span class='ocrx_word' id='word_1_186' title='bbox 472 1915 565 1971; x_wconf 87' lang='lat' dir='ltr'><strong>minore</strong></span> <span class='ocrx_word' id='word_1_187' title='bbox 581 1916 688 1985; x_wconf 87' lang='lat' dir='ltr'><strong>impensa</strong></span> <span class='ocrx_word' id='word_1_188' title='bbox 706 1914 873 1970; x_wconf 89' lang='lat' dir='ltr'><strong>conducuntur</strong></span> <span class='ocrx_word' id='word_1_189' title='bbox 887 1929 959 1986; x_wconf 87' lang='lat' dir='ltr'><strong>quam</strong></span> <span class='ocrx_word' id='word_1_190' title='bbox 975 1914 1041 1969; x_wconf 92' lang='lat' dir='ltr'><strong>domi</strong></span> <span class='ocrx_word' id='word_1_191' title='bbox 1057 1930 1099 1984; x_wconf 86' lang='lat' dir='ltr'><strong>pn-</strong></span> 
     </span>
     <span class='ocr_line' id='line_1_21' title="bbox 120 2003 520 2058; baseline -0.003 -5"><span class='ocrx_word' id='word_1_192' title='bbox 120 2003 228 2053; x_wconf 86' lang='lat' dir='ltr'><strong>scuntur.</strong></span> <span class='ocrx_word' id='word_1_193' title='bbox 518 2051 520 2058; x_wconf 87' lang='grc'>,</span> 
     </span>
     <span class='ocr_line' id='line_1_22' title="bbox 52 2078 1099 2156; baseline -0.005 -18"><span class='ocrx_word' id='word_1_194' title='bbox 52 2151 54 2156; x_wconf 68' lang='lat'><strong>,</strong></span> <span class='ocrx_word' id='word_1_195' title='bbox 203 2081 256 2137; x_wconf 89' lang='lat' dir='ltr'><strong>Lib.</strong></span> <span class='ocrx_word' id='word_1_196' title='bbox 269 2081 308 2138; x_wconf 89' lang='lat' dir='ltr'><strong>lV.</strong></span> <span class='ocrx_word' id='word_1_197' title='bbox 320 2080 371 2137; x_wconf 90' lang='lat' dir='ltr'><strong>Sat.</strong></span> <span class='ocrx_word' id='word_1_198' title='bbox 382 2081 413 2137; x_wconf 85' lang='lat' dir='ltr'><strong>ll.</strong></span> <span class='ocrx_word' id='word_1_199' title='bbox 424 2098 447 2137; x_wconf 85' lang='grc'><strong>1.</strong></span> <span class='ocrx_word' id='word_1_200' title='bbox 455 2085 490 2140; x_wconf 83' lang='lat' dir='ltr'><strong>bb</strong></span> <span class='ocrx_word' id='word_1_201' title='bbox 503 2081 567 2153; x_wconf 85' lang='lat' dir='ltr'><strong>quod</strong></span> <span class='ocrx_word' id='word_1_202' title='bbox 576 2081 683 2137; x_wconf 81' lang='lat' dir='ltr'><strong>incerare</strong></span> <span class='ocrx_word' id='word_1_203' title='bbox 694 2095 750 2135; x_wconf 91' lang='lat' dir='ltr'><strong>oum</strong></span> <span class='ocrx_word' id='word_1_204' title='bbox 760 2079 834 2144; x_wconf 87' lang='lat' dir='ltr'><strong>libris,</strong></span> <span class='ocrx_word' id='word_1_205' title='bbox 848 2095 898 2134; x_wconf 90' lang='lat' dir='ltr'><strong>non</strong></span> <span class='ocrx_word' id='word_1_206' title='bbox 911 2095 967 2134; x_wconf 92' lang='lat' dir='ltr'><strong>cum</strong></span> <span class='ocrx_word' id='word_1_207' title='bbox 978 2078 1099 2150; x_wconf 83' lang='lat' dir='ltr'><strong>Madvigio</strong></span> 
     </span>
    </p>

    <p class='ocr_par' dir='ltr' id='par_1_5' title="bbox 118 2160 1116 3663">
     <span class='ocr_line' id='line_1_23' title="bbox 119 2160 1099 2237; baseline -0.002 -17"><span class='ocrx_word' id='word_1_208' title='bbox 119 2165 233 2220; x_wconf 90' lang='lat' dir='ltr'><strong>etlabnio</strong></span> <span class='ocrx_word' id='word_1_209' title='bbox 240 2165 344 2222; x_wconf 78' lang='lat' dir='ltr'><strong>lacerate</strong></span> <span class='ocrx_word' id='word_1_210' title='bbox 353 2167 445 2237; x_wconf 85' lang='lat' dir='ltr'><strong>scripsi,</strong></span> <span class='ocrx_word' id='word_1_211' title='bbox 456 2166 581 2235; x_wconf 81' lang='lat' dir='ltr'><strong>ldndicp.</strong></span> <span class='ocrx_word' id='word_1_212' title='bbox 590 2169 623 2223; x_wconf 84' lang='grc'><strong>16</strong></span> <span class='ocrx_word' id='word_1_213' title='bbox 631 2165 738 2234; x_wconf 89' lang='lat' dir='ltr'><strong>pluribus</strong></span> <span class='ocrx_word' id='word_1_214' title='bbox 747 2163 893 2219; x_wconf 84' lang='lat' dir='ltr'><strong>vindicatum</strong></span> <span class='ocrx_word' id='word_1_215' title='bbox 899 2169 950 2225; x_wconf 70' lang='lat' dir='ltr'><strong>ests</strong></span> <span class='ocrx_word' id='word_1_216' title='bbox 961 2160 1099 2235; x_wconf 87' lang='lat' dir='ltr'><strong>ibidemque</strong></span> 
     </span>
     <span class='ocr_line' id='line_1_24' title="bbox 119 2246 1100 2321; baseline 0 -19"><span class='ocrx_word' id='word_1_217' title='bbox 119 2264 142 2304; x_wconf 89' lang='lat' dir='ltr'><strong>r.</strong></span> <span class='ocrx_word' id='word_1_218' title='bbox 154 2252 208 2306; x_wconf 78' lang='grc'><strong>240</strong></span> <span class='ocrx_word' id='word_1_219' title='bbox 217 2249 268 2304; x_wconf 82' lang='lat' dir='ltr'><strong>etot</strong></span> <span class='ocrx_word' id='word_1_220' title='bbox 277 2264 320 2321; x_wconf 91' lang='lat' dir='ltr'><strong>pro</strong></span> <span class='ocrx_word' id='word_1_221' title='bbox 331 2255 387 2305; x_wconf 72' lang='lat' dir='ltr'><strong>ment</strong></span> <span class='ocrx_word' id='word_1_222' title='bbox 400 2256 425 2304; x_wconf 93' lang='lat' dir='ltr'><strong>et</strong></span> <span class='ocrx_word' id='word_1_223' title='bbox 435 2264 458 2305; x_wconf 87' lang='grc'><strong>1.</strong></span> <span class='ocrx_word' id='word_1_224' title='bbox 470 2251 522 2307; x_wconf 78' lang='grc'><strong>365</strong></span> <span class='ocrx_word' id='word_1_225' title='bbox 532 2247 596 2303; x_wconf 78' lang='lat' dir='ltr'><strong>obest</strong></span> <span class='ocrx_word' id='word_1_226' title='bbox 606 2263 650 2318; x_wconf 88' lang='lat' dir='ltr'><strong>pro</strong></span> <span class='ocrx_word' id='word_1_227' title='bbox 660 2246 731 2302; x_wconf 79' lang='lat' dir='ltr'><strong>dobeo</strong></span> <span class='ocrx_word' id='word_1_228' title='bbox 741 2246 865 2302; x_wconf 86' lang='lat' dir='ltr'><strong>Pitboeani</strong></span> <span class='ocrx_word' id='word_1_229' title='bbox 881 2252 947 2300; x_wconf 86' lang='lat' dir='ltr'><strong>certe</strong></span> <span class='ocrx_word' id='word_1_230' title='bbox 956 2247 1100 2304; x_wconf 83' lang='lat' dir='ltr'><strong>auctoritate</strong></span> 
     </span>
     <span class='ocr_line' id='line_1_25' title="bbox 118 2329 1099 2402; baseline -0.001 -15"><span class='ocrx_word' id='word_1_231' title='bbox 118 2333 233 2398; x_wconf 88' lang='lat' dir='ltr'><strong>delendi;</strong></span> <span class='ocrx_word' id='word_1_232' title='bbox 244 2333 347 2388; x_wconf 87' lang='lat' dir='ltr'><strong>eundem</strong></span> <span class='ocrx_word' id='word_1_233' title='bbox 361 2334 546 2390; x_wconf 82' lang='lat' dir='ltr'><strong>tamenutv.70</strong></span> <span class='ocrx_word' id='word_1_234' title='bbox 555 2331 675 2387; x_wconf 77' lang='lat' dir='ltr'><strong>indicibus</strong></span> <span class='ocrx_word' id='word_1_235' title='bbox 685 2336 727 2386; x_wconf 90' lang='lat' dir='ltr'><strong>aut</strong></span> <span class='ocrx_word' id='word_1_236' title='bbox 736 2333 802 2388; x_wconf 82' lang='grc'><strong>1193</strong></span> <span class='ocrx_word' id='word_1_237' title='bbox 812 2335 913 2402; x_wconf 65' lang='lat' dir='ltr'><strong>epoto</strong></span> <span class='ocrx_word' id='word_1_238' title='bbox 922 2329 1049 2386; x_wconf 87' lang='lat' dir='ltr'><strong>scribendo</strong></span> <span class='ocrx_word' id='word_1_239' title='bbox 1061 2347 1099 2386; x_wconf 90' lang='lat' dir='ltr'><strong>se-</strong></span> 
     </span>
     <span class='ocr_line' id='line_1_26' title="bbox 119 2415 1100 2488; baseline 0.003 -18"><span class='ocrx_word' id='word_1_240' title='bbox 119 2431 214 2487; x_wconf 87' lang='lat' dir='ltr'><strong>querer,</strong></span> <span class='ocrx_word' id='word_1_241' title='bbox 225 2415 440 2488; x_wconf 88' lang='lat' dir='ltr'><strong>nelabuiiquidem</strong></span> <span class='ocrx_word' id='word_1_242' title='bbox 445 2416 582 2486; x_wconf 85' lang='lat' dir='ltr'><strong>exemplum</strong></span> <span class='ocrx_word' id='word_1_243' title='bbox 588 2416 671 2480; x_wconf 80' lang='lat' dir='ltr'><strong>movit,</strong></span> <span class='ocrx_word' id='word_1_244' title='bbox 683 2430 759 2470; x_wconf 78' lang='lat' dir='ltr'><strong>nece.</strong></span> <span class='ocrx_word' id='word_1_245' title='bbox 768 2417 818 2472; x_wconf 83' lang='grc'><strong>217</strong></span> <span class='ocrx_word' id='word_1_246' title='bbox 826 2415 958 2486; x_wconf 82' lang='lat' dir='ltr'><strong>incorpore</strong></span> <span class='ocrx_word' id='word_1_247' title='bbox 968 2418 1100 2474; x_wconf 76' lang='grc'><strong>11111326</strong></span> 
     </span>
     <span class='ocr_line' id='line_1_27' title="bbox 118 2498 1100 2572; baseline 0.002 -18"><span class='ocrx_word' id='word_1_248' title='bbox 118 2499 282 2572; x_wconf 79' lang='lat' dir='ltr'><strong>reprelsobnio</strong></span> <span class='ocrx_word' id='word_1_249' title='bbox 293 2501 544 2560; x_wconf 86' lang='lat' dir='ltr'><strong>concedendumduxi.</strong></span> <span class='ocrx_word' id='word_1_250' title='bbox 563 2498 733 2556; x_wconf 79' lang='lat' dir='ltr'><strong>Protodioibee</strong></span> <span class='ocrx_word' id='word_1_251' title='bbox 744 2500 792 2554; x_wconf 88' lang='lat' dir='ltr'><strong>iam</strong></span> <span class='ocrx_word' id='word_1_252' title='bbox 800 2498 904 2554; x_wconf 90' lang='lat' dir='ltr'><strong>secunda</strong></span> <span class='ocrx_word' id='word_1_253' title='bbox 911 2499 1100 2556; x_wconf 78' lang='lat' dir='ltr'><strong>manusiodioiie</strong></span> 
     </span>
     <span class='ocr_line' id='line_1_28' title="bbox 119 2583 1100 2657; baseline 0.002 -19"><span class='ocrx_word' id='word_1_254' title='bbox 119 2584 232 2649; x_wconf 71' lang='lat' dir='ltr'><strong>restituit,</strong></span> <span class='ocrx_word' id='word_1_255' title='bbox 243 2599 290 2639; x_wconf 90' lang='lat' dir='ltr'><strong>nec</strong></span> <span class='ocrx_word' id='word_1_256' title='bbox 299 2585 370 2640; x_wconf 83' lang='lat' dir='ltr'><strong>facile</strong></span> <span class='ocrx_word' id='word_1_257' title='bbox 379 2585 509 2657; x_wconf 80' lang='lat' dir='ltr'><strong>inteligas,</strong></span> <span class='ocrx_word' id='word_1_258' title='bbox 524 2584 645 2654; x_wconf 90' lang='lat' dir='ltr'><strong>quomodo</strong></span> <span class='ocrx_word' id='word_1_259' title='bbox 653 2584 745 2639; x_wconf 89' lang='lat' dir='ltr'><strong>delator</strong></span> <span class='ocrx_word' id='word_1_260' title='bbox 755 2583 814 2638; x_wconf 91' lang='lat' dir='ltr'><strong>alios</strong></span> <span class='ocrx_word' id='word_1_261' title='bbox 823 2589 945 2652; x_wconf 87' lang='lat' dir='ltr'><strong>praeterea</strong></span> <span class='ocrx_word' id='word_1_262' title='bbox 955 2583 1049 2639; x_wconf 77' lang='lat' dir='ltr'><strong>lodices</strong></span> <span class='ocrx_word' id='word_1_263' title='bbox 1059 2585 1100 2640; x_wconf 91' lang='lat' dir='ltr'><strong>ad·</strong></span> 
     </span>
     <span class='ocr_line' id='line_1_29' title="bbox 118 2665 1101 2739; baseline 0.003 -18"><span class='ocrx_word' id='word_1_264' title='bbox 118 2667 214 2735; x_wconf 85' lang='lat' dir='ltr'><strong>libeat,</strong></span> <span class='ocrx_word' id='word_1_265' title='bbox 231 2669 273 2739; x_wconf 85' lang='lat' dir='ltr'><strong>qui</strong></span> <span class='ocrx_word' id='word_1_266' title='bbox 289 2684 339 2725; x_wconf 89' lang='lat' dir='ltr'><strong>non</strong></span> <span class='ocrx_word' id='word_1_267' title='bbox 355 2683 413 2724; x_wconf 80' lang='lat' dir='ltr'><strong>mox</strong></span> <span class='ocrx_word' id='word_1_268' title='bbox 428 2667 521 2724; x_wconf 74' lang='lat' dir='ltr'><strong>testimo</strong></span> <span class='ocrx_word' id='word_1_269' title='bbox 536 2669 633 2723; x_wconf 91' lang='lat' dir='ltr'><strong>nomine</strong></span> <span class='ocrx_word' id='word_1_270' title='bbox 650 2665 894 2737; x_wconf 78' lang='lat' dir='ltr'><strong>comprehendantur:</strong></span> <span class='ocrx_word' id='word_1_271' title='bbox 911 2666 1004 2722; x_wconf 67' lang='lat' dir='ltr'><strong>dodiau</strong></span> <span class='ocrx_word' id='word_1_272' title='bbox 1020 2675 1101 2724; x_wconf 86' lang='lat' dir='ltr'><strong>autem</strong></span> 
     </span>
     <span class='ocr_line' id='line_1_30' title="bbox 119 2750 1101 2823; baseline 0.001 -17"><span class='ocrx_word' id='word_1_273' title='bbox 119 2767 176 2806; x_wconf 85' lang='lat' dir='ltr'><strong>oum</strong></span> <span class='ocrx_word' id='word_1_274' title='bbox 187 2750 284 2806; x_wconf 80' lang='lat' dir='ltr'><strong>testibus</strong></span> <span class='ocrx_word' id='word_1_275' title='bbox 294 2752 376 2807; x_wconf 89' lang='lat' dir='ltr'><strong>iuncta</strong></span> <span class='ocrx_word' id='word_1_276' title='bbox 394 2754 442 2809; x_wconf 90' lang='lat' dir='ltr'><strong>duo</strong></span> <span class='ocrx_word' id='word_1_277' title='bbox 457 2753 497 2808; x_wconf 92' lang='lat' dir='ltr'><strong>illa</strong></span> <span class='ocrx_word' id='word_1_278' title='bbox 515 2752 683 2822; x_wconf 89' lang='lat' dir='ltr'><strong>pmbationum</strong></span> <span class='ocrx_word' id='word_1_279' title='bbox 697 2765 788 2823; x_wconf 84' lang='lat' dir='ltr'><strong>genera</strong></span> <span class='ocrx_word' id='word_1_280' title='bbox 801 2751 924 2818; x_wconf 85' lang='lat' dir='ltr'><strong>referunt,</strong></span> <span class='ocrx_word' id='word_1_281' title='bbox 937 2765 999 2822; x_wconf 88' lang='lat' dir='ltr'><strong>qnae</strong></span> <span class='ocrx_word' id='word_1_282' title='bbox 1008 2758 1101 2808; x_wconf 82' lang='lat' dir='ltr'><strong>veteres</strong></span> 
     </span>
     <span class='ocr_line' id='line_1_31' title="bbox 118 2827 1101 2906; baseline 0.002 -18"><span class='ocrx_word' id='word_1_283' title='bbox 118 2827 245 2902; x_wconf 68' lang='lat' dir='ltr'><strong>inimo</strong></span> <span class='ocrx_word' id='word_1_284' title='bbox 258 2842 283 2890; x_wconf 88' lang='lat' dir='ltr'><strong>et</strong></span> <span class='ocrx_word' id='word_1_285' title='bbox 291 2828 405 2905; x_wconf 73' lang='grc' dir='ltr'><strong><em>ἀτέχνου</em></strong></span> <span class='ocrx_word' id='word_1_286' title='bbox 416 2829 571 2896; x_wconf 65' lang='lat' dir='ltr'><strong>ermetem</strong></span> <span class='ocrx_word' id='word_1_287' title='bbox 582 2835 705 2892; x_wconf 87' lang='lat' dir='ltr'><strong>vocabulis</strong></span> <span class='ocrx_word' id='word_1_288' title='bbox 716 2834 901 2904; x_wconf 80' lang='lat' dir='ltr'><strong>descripserunt,</strong></span> <span class='ocrx_word' id='word_1_289' title='bbox 912 2835 1037 2906; x_wconf 87' lang='lat' dir='ltr'><strong>multoque</strong></span> <span class='ocrx_word' id='word_1_290' title='bbox 1045 2851 1101 2905; x_wconf 86' lang='lat' dir='ltr'><strong>pro·</strong></span> 
     </span>
     <span class='ocr_line' id='line_1_32' title="bbox 119 2917 1101 2994; baseline -0.001 -21"><span class='ocrx_word' id='word_1_291' title='bbox 119 2919 204 2974; x_wconf 76' lang='lat' dir='ltr'><strong>clivior</strong></span> <span class='ocrx_word' id='word_1_292' title='bbox 214 2934 228 2974; x_wconf 93' lang='lat' dir='ltr'><strong>a</strong></span> <span class='ocrx_word' id='word_1_293' title='bbox 238 2919 323 2994; x_wconf 65' lang='lat' dir='ltr'><strong>quibam</strong></span> <span class='ocrx_word' id='word_1_294' title='bbox 333 2921 363 2976; x_wconf 90' lang='lat' dir='ltr'><strong>ad</strong></span> <span class='ocrx_word' id='word_1_295' title='bbox 372 2919 491 2976; x_wconf 75' lang='lat' dir='ltr'><strong>indicibus</strong></span> <span class='ocrx_word' id='word_1_296' title='bbox 506 2920 587 2990; x_wconf 86' lang='lat' dir='ltr'><strong>lapsus</strong></span> <span class='ocrx_word' id='word_1_297' title='bbox 598 2920 656 2985; x_wconf 85' lang='lat' dir='ltr'><strong>luit,</strong></span> <span class='ocrx_word' id='word_1_298' title='bbox 675 2934 747 2990; x_wconf 83' lang='lat' dir='ltr'><strong>quam</strong></span> <span class='ocrx_word' id='word_1_299' title='bbox 762 2919 886 2973; x_wconf 84' lang='lat' dir='ltr'><strong>bbrariunr</strong></span> <span class='ocrx_word' id='word_1_300' title='bbox 897 2919 927 2973; x_wconf 91' lang='lat' dir='ltr'><strong>ab</strong></span> <span class='ocrx_word' id='word_1_301' title='bbox 937 2917 1057 2972; x_wconf 79' lang='lat' dir='ltr'><strong>iodioibm</strong></span> <span class='ocrx_word' id='word_1_302' title='bbox 1071 2919 1101 2973; x_wconf 93' lang='lat' dir='ltr'><strong>ad</strong></span> 
     </span>
     <span class='ocr_line' id='line_1_33' title="bbox 119 3001 1102 3061; baseline 0.005 -5"><span class='ocrx_word' id='word_1_303' title='bbox 119 3002 219 3058; x_wconf 91' lang='lat' dir='ltr'><strong>doctum</strong></span> <span class='ocrx_word' id='word_1_304' title='bbox 235 3004 294 3060; x_wconf 84' lang='lat' dir='ltr'><strong>ilud</strong></span> <span class='ocrx_word' id='word_1_305' title='bbox 309 3003 451 3060; x_wconf 67' lang='grc' dir='ltr'><strong>1111ἰοί111111</strong></span> <span class='ocrx_word' id='word_1_306' title='bbox 467 3003 595 3059; x_wconf 87' lang='lat' dir='ltr'><strong>discrimen</strong></span> <span class='ocrx_word' id='word_1_307' title='bbox 611 3002 732 3058; x_wconf 85' lang='lat' dir='ltr'><strong>aberrasse</strong></span> <span class='ocrx_word' id='word_1_308' title='bbox 747 3009 935 3057; x_wconf 88' lang='lat' dir='ltr'><strong>consentaneum</strong></span> <span class='ocrx_word' id='word_1_309' title='bbox 950 3001 991 3056; x_wconf 90' lang='lat' dir='ltr'><strong>sit.</strong></span> <span class='ocrx_word' id='word_1_310' title='bbox 1025 3002 1053 3059; x_wconf 88' lang='lat' dir='ltr'><strong>V.</strong></span> <span class='ocrx_word' id='word_1_311' title='bbox 1066 3006 1102 3061; x_wconf 78' lang='lat'><strong>93</strong></span> 
     </span>
     <span class='ocr_line' id='line_1_34' title="bbox 120 3086 1101 3158; baseline -0.001 -16"><span class='ocrx_word' id='word_1_312' title='bbox 120 3093 244 3158; x_wconf 73' lang='lat' dir='ltr'><strong>mprotmn</strong></span> <span class='ocrx_word' id='word_1_313' title='bbox 255 3086 400 3158; x_wconf 88' lang='lat' dir='ltr'><strong>Caprearum</strong></span> <span class='ocrx_word' id='word_1_314' title='bbox 416 3102 501 3158; x_wconf 90' lang='lat' dir='ltr'><strong>rupem</strong></span> <span class='ocrx_word' id='word_1_315' title='bbox 512 3088 553 3158; x_wconf 83' lang='lat' dir='ltr'><strong>qui</strong></span> <span class='ocrx_word' id='word_1_316' title='bbox 564 3088 723 3158; x_wconf 88' lang='lat' dir='ltr'><strong>scripserunt,</strong></span> <span class='ocrx_word' id='word_1_317' title='bbox 740 3086 841 3141; x_wconf 88' lang='lat' dir='ltr'><strong>ironiam</strong></span> <span class='ocrx_word' id='word_1_318' title='bbox 853 3092 1016 3157; x_wconf 81' lang='lat' dir='ltr'><strong>captaverunt,</strong></span> <span class='ocrx_word' id='word_1_319' title='bbox 1029 3102 1101 3158; x_wconf 86' lang='lat' dir='ltr'><strong>quam</strong></span> 
     </span>
     <span class='ocr_line' id='line_1_35' title="bbox 119 3169 1100 3244; baseline 0.003 -20"><span class='ocrx_word' id='word_1_320' title='bbox 119 3177 201 3225; x_wconf 91' lang='lat' dir='ltr'><strong>tamen</strong></span> <span class='ocrx_word' id='word_1_321' title='bbox 217 3185 296 3242; x_wconf 85' lang='lat' dir='ltr'><strong>neque</strong></span> <span class='ocrx_word' id='word_1_322' title='bbox 312 3172 337 3226; x_wconf 92' lang='lat' dir='ltr'><strong>iu</strong></span> <span class='ocrx_word' id='word_1_323' title='bbox 351 3171 437 3227; x_wconf 80' lang='lat' dir='ltr'><strong>tcton&#39;e</strong></span> <span class='ocrx_word' id='word_1_324' title='bbox 446 3172 563 3227; x_wconf 84' lang='lat' dir='ltr'><strong>vocabulo</strong></span> <span class='ocrx_word' id='word_1_325' title='bbox 578 3186 656 3244; x_wconf 88' lang='lat' dir='ltr'><strong>neque</strong></span> <span class='ocrx_word' id='word_1_326' title='bbox 671 3171 696 3226; x_wconf 90' lang='lat' dir='ltr'><strong>in</strong></span> <span class='ocrx_word' id='word_1_327' title='bbox 713 3187 784 3243; x_wconf 80' lang='lat' dir='ltr'><strong>prope</strong></span> <span class='ocrx_word' id='word_1_328' title='bbox 795 3169 914 3228; x_wconf 74' lang='lat' dir='ltr'><strong>Chaldaeo</strong></span> <span class='ocrx_word' id='word_1_329' title='bbox 930 3172 1100 3243; x_wconf 78' lang='lat' dir='ltr'><strong>agnoscimus3</strong></span> 
     </span>
     <span class='ocr_line' id='line_1_36' title="bbox 118 3254 1102 3328; baseline 0.002 -20"><span class='ocrx_word' id='word_1_330' title='bbox 118 3254 210 3326; x_wconf 79' lang='lat' dir='ltr'><strong>exigua</strong></span> <span class='ocrx_word' id='word_1_331' title='bbox 220 3254 297 3326; x_wconf 86' lang='lat' dir='ltr'><strong>igitur</strong></span> <span class='ocrx_word' id='word_1_332' title='bbox 306 3257 440 3311; x_wconf 89' lang='lat' dir='ltr'><strong>mutatione</strong></span> <span class='ocrx_word' id='word_1_333' title='bbox 451 3270 506 3311; x_wconf 90' lang='lat' dir='ltr'><strong>cum</strong></span> <span class='ocrx_word' id='word_1_334' title='bbox 513 3254 636 3326; x_wconf 82' lang='lat' dir='ltr'><strong>Rupertio,</strong></span> <span class='ocrx_word' id='word_1_335' title='bbox 651 3255 796 3319; x_wconf 72' lang='lat' dir='ltr'><strong>detinendo,</strong></span> <span class='ocrx_word' id='word_1_336' title='bbox 804 3255 910 3312; x_wconf 87' lang='lat' dir='ltr'><strong>Webero</strong></span> <span class='ocrx_word' id='word_1_337' title='bbox 922 3262 1023 3328; x_wconf 72' lang='lat' dir='ltr'><strong>criptula</strong></span> <span class='ocrx_word' id='word_1_338' title='bbox 1034 3271 1102 3326; x_wconf 89' lang='lat' dir='ltr'><strong>prae·</strong></span> 
     </span>
     <span class='ocr_line' id='line_1_37' title="bbox 120 3338 1102 3412; baseline 0.001 -19"><span class='ocrx_word' id='word_1_339' title='bbox 120 3338 180 3404; x_wconf 87' lang='lat' dir='ltr'><strong>tuli,</strong></span> <span class='ocrx_word' id='word_1_340' title='bbox 200 3340 265 3411; x_wconf 85' lang='lat' dir='ltr'><strong>quod</strong></span> <span class='ocrx_word' id='word_1_341' title='bbox 285 3338 357 3396; x_wconf 87' lang='lat' dir='ltr'><strong>etiam</strong></span> <span class='ocrx_word' id='word_1_342' title='bbox 373 3341 425 3396; x_wconf 91' lang='lat' dir='ltr'><strong>sine</strong></span> <span class='ocrx_word' id='word_1_343' title='bbox 436 3340 567 3396; x_wconf 90' lang='lat' dir='ltr'><strong>multorum</strong></span> <span class='ocrx_word' id='word_1_344' title='bbox 584 3340 694 3395; x_wconf 91' lang='lat' dir='ltr'><strong>oodioum</strong></span> <span class='ocrx_word' id='word_1_345' title='bbox 710 3339 848 3395; x_wconf 89' lang='lat' dir='ltr'><strong>adiumento</strong></span> <span class='ocrx_word' id='word_1_346' title='bbox 860 3340 997 3395; x_wconf 90' lang='lat' dir='ltr'><strong>coniectura</strong></span> <span class='ocrx_word' id='word_1_347' title='bbox 1008 3339 1102 3412; x_wconf 81' lang='lat' dir='ltr'><strong>assequi</strong></span> 
     </span>
     <span class='ocr_line' id='line_1_38' title="bbox 120 3421 1100 3496; baseline 0.003 -21"><span class='ocrx_word' id='word_1_348' title='bbox 120 3421 221 3485; x_wconf 76' lang='lat' dir='ltr'><strong>licebat:</strong></span> <span class='ocrx_word' id='word_1_349' title='bbox 238 3424 369 3496; x_wconf 87' lang='lat' dir='ltr'><strong>eademque</strong></span> <span class='ocrx_word' id='word_1_350' title='bbox 379 3440 451 3482; x_wconf 89' lang='lat' dir='ltr'><strong>causa</strong></span> <span class='ocrx_word' id='word_1_351' title='bbox 462 3432 499 3480; x_wconf 87' lang='lat' dir='ltr'><strong>est</strong></span> <span class='ocrx_word' id='word_1_352' title='bbox 508 3440 531 3480; x_wconf 89' lang='grc'><strong>1.</strong></span> <span class='ocrx_word' id='word_1_353' title='bbox 543 3428 603 3489; x_wconf 84' lang='grc'><strong>217,</strong></span> <span class='ocrx_word' id='word_1_354' title='bbox 614 3424 656 3478; x_wconf 89' lang='lat' dir='ltr'><strong>ubi</strong></span> <span class='ocrx_word' id='word_1_355' title='bbox 667 3423 694 3478; x_wconf 85' lang='lat' dir='ltr'><strong>io</strong></span> <span class='ocrx_word' id='word_1_356' title='bbox 704 3430 760 3494; x_wconf 88' lang='lat' dir='ltr'><strong>post</strong></span> <span class='ocrx_word' id='word_1_357' title='bbox 769 3424 817 3478; x_wconf 82' lang='lat' dir='ltr'><strong>tom</strong></span> <span class='ocrx_word' id='word_1_358' title='bbox 827 3424 899 3478; x_wconf 89' lang='lat' dir='ltr'><strong>simili</strong></span> <span class='ocrx_word' id='word_1_359' title='bbox 910 3423 961 3478; x_wconf 89' lang='lat' dir='ltr'><strong>eius</strong></span> <span class='ocrx_word' id='word_1_360' title='bbox 973 3423 1047 3478; x_wconf 89' lang='lat' dir='ltr'><strong>errori</strong></span> <span class='ocrx_word' id='word_1_361' title='bbox 1057 3422 1100 3477; x_wconf 90' lang='lat' dir='ltr'><strong>tri·</strong></span> 
     </span>
     <span class='ocr_line' id='line_1_39' title="bbox 120 3503 1102 3579; baseline 0.002 -21"><span class='ocrx_word' id='word_1_362' title='bbox 120 3503 182 3570; x_wconf 88' lang='lat' dir='ltr'><strong>buo,</strong></span> <span class='ocrx_word' id='word_1_363' title='bbox 194 3507 235 3577; x_wconf 86' lang='lat' dir='ltr'><strong>qui</strong></span> <span class='ocrx_word' id='word_1_364' title='bbox 245 3508 317 3562; x_wconf 89' lang='lat' dir='ltr'><strong>etiam</strong></span> <span class='ocrx_word' id='word_1_365' title='bbox 327 3523 350 3564; x_wconf 85' lang='grc'><strong>1.</strong></span> <span class='ocrx_word' id='word_1_366' title='bbox 363 3514 405 3569; x_wconf 83' lang='grc'><strong>36.</strong></span> <span class='ocrx_word' id='word_1_367' title='bbox 418 3509 451 3566; x_wconf 83' lang='grc'><strong>37</strong></span> <span class='ocrx_word' id='word_1_368' title='bbox 462 3514 518 3578; x_wconf 91' lang='lat' dir='ltr'><strong>post</strong></span> <span class='ocrx_word' id='word_1_369' title='bbox 524 3514 658 3579; x_wconf 75' lang='lat' dir='ltr'><strong>proderem</strong></span> <span class='ocrx_word' id='word_1_370' title='bbox 670 3514 695 3562; x_wconf 90' lang='lat' dir='ltr'><strong>et</strong></span> <span class='ocrx_word' id='word_1_371' title='bbox 704 3506 823 3562; x_wconf 71' lang='lat' dir='ltr'><strong>colomeo</strong></span> <span class='ocrx_word' id='word_1_372' title='bbox 834 3507 1035 3577; x_wconf 88' lang='lat' dir='ltr'><strong>praepositionem</strong></span> <span class='ocrx_word' id='word_1_373' title='bbox 1045 3520 1102 3576; x_wconf 89' lang='lat' dir='ltr'><strong>por·</strong></span> 
     </span>
     <span class='ocr_line' id='line_1_40' title="bbox 121 3586 1116 3663; baseline -0.003 -18"><span class='ocrx_word' id='word_1_374' title='bbox 121 3600 202 3655; x_wconf 80' lang='lat' dir='ltr'><strong>peram</strong></span> <span class='ocrx_word' id='word_1_375' title='bbox 216 3589 325 3655; x_wconf 74' lang='lat' dir='ltr'><strong>intremit:</strong></span> <span class='ocrx_word' id='word_1_376' title='bbox 337 3592 416 3648; x_wconf 89' lang='lat' dir='ltr'><strong>solum</strong></span> <span class='ocrx_word' id='word_1_377' title='bbox 429 3590 630 3647; x_wconf 84' lang='lat' dir='ltr'><strong>certeablativum</strong></span> <span class='ocrx_word' id='word_1_378' title='bbox 642 3592 667 3646; x_wconf 91' lang='lat' dir='ltr'><strong>in</strong></span> <span class='ocrx_word' id='word_1_379' title='bbox 681 3591 732 3663; x_wconf 90' lang='lat' dir='ltr'><strong>pari</strong></span> <span class='ocrx_word' id='word_1_380' title='bbox 744 3589 922 3646; x_wconf 87' lang='lat' dir='ltr'><strong>constructione</strong></span> <span class='ocrx_word' id='word_1_381' title='bbox 933 3588 1049 3643; x_wconf 88' lang='lat' dir='ltr'><strong>babemus</strong></span> <span class='ocrx_word' id='word_1_382' title='bbox 1058 3586 1116 3642; x_wconf 63' lang='lat' dir='ltr'><strong>Vl:</strong></span> 
     </span>
    </p>
   </div>
   <div class='ocr_carea' id='block_1_3' title="bbox 0 0 1304 4006">
    <p class='ocr_par' dir='ltr' id='par_1_6' title="bbox 0 0 1304 4006">
     <span class='ocr_line' id='line_1_41' title="bbox 0 0 1304 4006; baseline 0 0"><span class='ocrx_word' id='word_1_383' title='bbox 0 0 1304 4006; x_wconf 95' lang='lat' dir='ltr'><strong> </strong></span> 
     </span>
    </p>
   </div>
  </div>
 </body>
</html>
