2626 4006
494 245 619 294 sauma
640 248 718 294 xm.
781 215 783 220 ’

114 387 283 460 Pacuvium,
309 385 377 462 culn
399 383 469 444 illud
493 383 565 443 ebur
590 384 709 444 ducatur
729 385 765 458 ati
786 404 852 446 aras

113 471 150 532 Et
172 468 256 529 cadat
278 477 344 529 ante
366 466 456 528 Lares
480 466 633 544 Gallittae,
657 469 771 529 victima
795 469 858 529 sola
977 535 980 540 ,

114 555 211 615 Tanbs
235 552 321 628 allgna
345 550 408 610 deis
432 561 461 611 et
484 552 682 630 captatoribus
705 553 816 612 borum.

114 639 196 699 Alter
218 638 310 711 enim,
334 635 359 694 si
383 635 529 695 concedas
550 645 695 712 mactare,
720 636 841 696 vovebit
1049 651 1100 702 115

113 723 156 782 De
179 738 272 798 grege
293 735 444 778 servorum
466 731 568 796 magna
593 729 640 781 aut
660 720 855 798 pulcherrima
877 738 1011 800 quaeque

113 804 262 883 Corpora,
285 803 334 862 vel
359 805 458 881 pueris
485 811 513 861 et
537 803 680 863 frontibus
702 805 870 864 ancillarum

113 888 245 967 Imponat
265 888 369 963 vittas,
394 896 424 946 et
446 887 471 946 si
495 905 550 965 qua
574 896 619 947 est
641 887 747 947 nubilis
768 887 810 948 illi

111 971 262 1051 Iphigenia
288 969 379 1047 dorni,
404 969 482 1031 dabit
505 971 579 1030 hanc
600 971 755 1047 altaribus,
780 974 834 1032 etsi

111 1055 176 1116 Non
199 1062 299 1133 sperat
320 1055 451 1132 tragicae
475 1054 580 1114 lurtiva
607 1055 721 1133 piacula
745 1073 861 1116 cervae.
1051 1068 1102 1119 110

111 1139 208 1200 Laudo
232 1156 326 1197 meum
349 1139 459 1214 civem,
483 1156 538 1198 nec
560 1155 698 1217 comparo
722 1148 895 1200 testamento

111 1222 191 1292 blille
214 1231 310 1291 rates;
334 1239 398 1282 nam
421 1223 446 1280 si
469 1220 618 1282 Libitinam
641 1225 768 1283 evaserit
791 1241 892 1300 aeger,

10 1313 13 1322 ’
111 1295 233 1367 Delabit
254 1305 384 1382 tabulas,
408 1305 537 1365 inclusus
559 1324 680 1366 carcere
702 1324 818 1383 nassae,

111 1391 182 1452 Post
204 1391 336 1450 meritum
359 1407 429 1449 sane
451 1390 625 1465 mirandum,
649 1399 738 1468 atque
761 1392 854 1450 omnia
876 1390 932 1450 soli

110 1473 222 1534 Forsan
246 1472 373 1533 Pacuvio
395 1473 525 1532 breviter
548 1472 643 1549 dabit,
666 1472 717 1532 ille
743 1472 887 1552 superbus
1052 1483 1101 1536 125

110 1557 233 1618 Incedet
252 1558 338 1616 victis
360 1556 508 1616 rivalibus.
552 1555 632 1632 Ergo
654 1556 737 1616 vides
760 1574 844 1635 quam

113 1641 229 1702 Grande
253 1658 364 1719 operae
389 1641 511 1719 pretium
536 1640 624 1700 laelat
646 1641 772 1718 iugulata
796 1640 936 1716 Mycenis.

111 1725 200 1784 Vivat
221 1725 380 1800 Pacuvius,
407 1741 533 1802 quaeso,
557 1725 606 1784 vel
628 1722 754 1784 Nestora
777 1733 882 1794 totum;

112 1808 282 1884 Possideat,
309 1817 443 1887 quantum
464 1810 559 1887 rapuit
584 1806 679 1876 Nero;
704 1809 847 1868 montibus
870 1827 968 1868 aurum

112 1892 281 1970 Enaequet3
305 1909 360 1952 nec
377 1902 453 1952 amet
474 1910 663 1971 quemquam,
683 1911 738 1952 nec
756 1902 866 1953 ametur
883 1891 919 1952 ab
941 1891 1017 1953 ullo.
1051 1900 1103 1954 130

461 2128 756 2137 .——-——-—-—-

395 2331 436 2422 lt.
465 2329 575 2426 llllll
600 2329 848 2426 tubunnis.

520 2509 700 2586 neuturus

285 2641 933 2752 snvlulltutt

465 2821 568 2886 LIBER
594 2818 745 2896 QUINTUS.

517 2988 693 2998 ----

426 3091 659 3157 SATIRA
693 3089 790 3154 XIII.

14 3279 19 3292 ,
111 3188 265 3300 Exemplo
293 3221 494 3301 quodcumque
517 3221 593 3282 malo
618 3221 817 3296 committitur,
838 3221 894 3299 lpsi

111 3305 261 3385 Displicet
285 3308 408 3366 auctori.
454 3305 546 3366 PrIma
576 3315 622 3366 est
642 3306 717 3367 baec
740 3304 827 3381 ultio,
852 3304 929 3384 quod
951 3323 984 3364 se

110 3389 213 3449 Iudice
236 3405 322 3448 neme
345 3406 456 3451 nocens
483 3389 657 3467 absolvitur,
684 3387 814 3468 improba
838 3390 969 3468 quamvb

114 3471 214 3532 Gratia
237 3472 336 3532 fallaci
357 3475 503 3552 praetoris
524 3475 629 3536 vicerit
650 3491 729 3534 urna.

858 3554 899 3616 ὁ*
